time, BuyerID, SellerID, Price, Quantity
0, 3, 1, 95.064474, 3
1, 4, 5, 105.999530, 9
2, 7, 9, 105.216608, 17
3, 7, 13, 104.812665, 2
3, 11, 13, 104.812665, 18
4, 8, 17, 104.936340, 11
5, 11, 21, 104.179600, 2
5, 15, 21, 104.179600, 14
6, 15, 25, 105.217774, 2
7, 16, 29, 106.473523, 11
8, 16, 32, 106.683932, 3
8, 20, 32, 106.683932, 12
9, 19, 35, 106.651298, 3
10, 19, 38, 104.711720, 10
11, 19, 41, 104.685412, 3
11, 23, 41, 104.685412, 8
12, 20, 44, 105.951273, 2
13, 20, 47, 104.573213, 6
13, 24, 47, 104.573213, 7
14, 23, 50, 104.995603, 2
15, 23, 53, 105.645421, 2
16, 23, 56, 105.699507, 6
17, 23, 59, 106.215899, 2
17, 27, 59, 106.215899, 9
18, 24, 62, 104.473713, 3
19, 24, 65, 105.468887, 10
19, 28, 65, 105.468887, 10
20, 27, 68, 105.883988, 11
20, 30, 68, 105.883988, 7
21, 28, 71, 104.864905, 3
22, 28, 74, 106.702923, 7
22, 31, 74, 106.702923, 4
23, 30, 77, 105.551572, 13
24, 31, 80, 106.622709, 16
24, 34, 80, 106.622709, 3
25, 33, 83, 105.042507, 10
26, 33, 86, 105.996913, 10
26, 36, 86, 105.996913, 6
27, 34, 89, 104.692442, 15
28, 34, 92, 105.742367, 2
28, 37, 92, 105.742367, 11
29, 36, 95, 104.536947, 9
30, 36, 98, 106.699848, 5
30, 39, 98, 106.699848, 14
31, 37, 101, 105.754143, 5
32, 37, 104, 106.794154, 4
32, 40, 104, 106.794154, 5
33, 39, 107, 104.884959, 6
33, 42, 107, 104.884959, 6
34, 40, 110, 104.806480, 15
34, 43, 110, 104.806480, 3
35, 42, 113, 104.541595, 14
35, 45, 113, 104.541595, 4
36, 43, 116, 106.729708, 6
37, 43, 119, 105.582816, 7
38, 43, 122, 106.132688, 4
39, 45, 125, 105.366797, 5
40, 45, 128, 106.278996, 7
41, 45, 131, 104.792345, 4
41, 48, 131, 104.792345, 7
42, 46, 134, 106.521471, 2
43, 46, 137, 104.424456, 6
44, 46, 140, 106.928220, 10
45, 46, 143, 106.914286, 2
45, 49, 143, 106.914286, 12
46, 48, 146, 106.158952, 3
47, 48, 149, 106.480750, 6
48, 48, 152, 106.431964, 4
48, 51, 152, 106.431964, 11
49, 49, 155, 105.817718, 8
49, 52, 155, 105.817718, 6
50, 51, 158, 105.214848, 2
51, 51, 161, 104.730381, 7
52, 52, 164, 104.438285, 14
52, 55, 164, 104.438285, 1
53, 54, 167, 106.228539, 16
54, 54, 170, 106.335743, 4
54, 57, 170, 106.335743, 4
55, 55, 173, 106.165438, 17
56, 55, 176, 106.461860, 1
57, 55, 179, 105.729862, 1
57, 58, 179, 105.729862, 5
58, 57, 182, 105.608401, 6
59, 57, 185, 104.594711, 10
59, 60, 185, 104.594711, 2
60, 58, 188, 106.187369, 11
61, 58, 191, 105.129449, 4
61, 61, 191, 105.129449, 7
62, 60, 194, 107.065650, 4
63, 60, 197, 105.421094, 7
64, 60, 200, 105.468384, 7
65, 61, 203, 106.812062, 13
65, 64, 203, 106.812062, 3
66, 63, 206, 106.400604, 3
67, 63, 209, 106.278210, 3
68, 63, 212, 104.699263, 14
68, 66, 212, 104.699263, 6
69, 64, 215, 105.481268, 16
70, 64, 218, 105.853247, 1
70, 67, 218, 105.853247, 18
71, 66, 221, 105.060721, 7
72, 66, 224, 104.533778, 7
72, 69, 224, 104.533778, 1
73, 67, 227, 104.502029, 2
73, 70, 227, 104.502029, 17
74, 69, 230, 105.404610, 5
75, 69, 233, 105.407764, 14
75, 72, 233, 105.407764, 4
76, 70, 236, 106.881298, 3
76, 73, 236, 106.881298, 15
77, 72, 239, 104.836439, 6
78, 72, 242, 105.743759, 10
78, 75, 242, 105.743759, 8
79, 73, 245, 104.992708, 4
80, 73, 248, 104.515531, 1
80, 76, 248, 104.515531, 4
81, 75, 251, 106.929742, 12
81, 78, 251, 106.929742, 4
82, 76, 254, 104.489978, 11
83, 76, 257, 106.614781, 1
84, 76, 260, 105.033694, 1
85, 76, 263, 105.782713, 3
85, 79, 263, 105.782713, 16
86, 78, 266, 105.615665, 1
87, 78, 269, 104.543657, 11
88, 78, 272, 105.091894, 4
88, 81, 272, 105.091894, 2
89, 79, 275, 106.426013, 4
89, 82, 275, 106.426013, 7
90, 81, 278, 104.428085, 18
90, 84, 278, 104.428085, 1
91, 82, 281, 105.447792, 13
92, 84, 284, 106.215894, 7
93, 84, 287, 105.591023, 12
93, 87, 287, 105.591023, 4
94, 85, 290, 106.894575, 2
95, 85, 293, 105.627015, 18
95, 88, 293, 105.627015, 1
96, 87, 296, 106.713834, 5
97, 87, 299, 106.970921, 7
98, 87, 302, 105.953702, 4
98, 90, 302, 105.953702, 8
99, 88, 305, 106.352906, 13
100, 88, 308, 105.069723, 6
100, 91, 308, 105.069723, 4
101, 90, 311, 105.406716, 11
102, 90, 314, 105.998290, 1
102, 93, 314, 105.998290, 6
103, 91, 317, 104.912378, 16
103, 94, 317, 104.912378, 4
104, 93, 320, 104.985718, 14
104, 96, 320, 104.985718, 2
105, 94, 323, 106.107332, 2
106, 94, 326, 104.564562, 5
107, 94, 329, 104.609499, 9
107, 97, 329, 104.609499, 3
108, 96, 332, 105.007204, 11
109, 96, 335, 106.856941, 7
109, 99, 335, 106.856941, 7
110, 97, 338, 106.924574, 14
111, 97, 341, 105.736306, 1
112, 97, 344, 106.775963, 2
112, 100, 344, 106.775963, 4
113, 99, 347, 105.086291, 13
113, 102, 347, 105.086291, 4
114, 100, 350, 104.587783, 6
115, 100, 353, 106.943054, 10
115, 103, 353, 106.943054, 10
116, 102, 356, 106.015467, 4
117, 102, 359, 106.042033, 6
118, 102, 362, 106.819876, 6
118, 105, 362, 106.819876, 6
119, 103, 365, 106.481147, 10
119, 106, 365, 106.481147, 1
120, 105, 368, 107.010879, 14
120, 108, 368, 107.010879, 6
121, 106, 371, 104.554440, 17
122, 106, 374, 106.565369, 2
122, 109, 374, 106.565369, 1
123, 108, 377, 104.479076, 5
124, 108, 380, 106.423873, 9
125, 109, 383, 105.664037, 14
126, 109, 386, 105.334041, 5
126, 112, 386, 105.334041, 10
127, 111, 389, 105.351015, 5
128, 111, 392, 105.452076, 12
129, 111, 395, 105.254452, 3
129, 114, 395, 105.254452, 7
130, 112, 398, 106.163012, 10
130, 115, 398, 106.163012, 3
131, 114, 401, 106.518689, 13
131, 117, 401, 106.518689, 6
132, 115, 404, 105.612985, 5
133, 115, 407, 105.827210, 7
134, 115, 410, 104.592985, 5
134, 118, 410, 104.592985, 4
135, 117, 413, 105.693943, 2
136, 117, 416, 106.199313, 1
137, 117, 419, 106.980518, 11
137, 120, 419, 106.980518, 3
138, 118, 422, 106.638899, 7
139, 118, 425, 105.373892, 9
139, 121, 425, 105.373892, 11
140, 120, 428, 105.819130, 4
141, 120, 431, 105.547278, 13
142, 121, 434, 106.468085, 9
142, 124, 434, 106.468085, 6
143, 123, 437, 106.015688, 1
144, 123, 440, 104.548163, 17
145, 123, 443, 105.328571, 2
145, 126, 443, 105.328571, 5
146, 124, 446, 106.361158, 14
146, 127, 446, 106.361158, 2
147, 126, 449, 106.974029, 8
148, 126, 452, 105.648084, 7
148, 129, 452, 105.648084, 9
149, 127, 455, 106.739431, 1
150, 127, 458, 106.289825, 1
151, 127, 461, 105.260742, 8
152, 127, 464, 105.237786, 8
152, 130, 464, 105.237786, 12
153, 129, 467, 106.201069, 7
154, 129, 470, 106.726920, 4
154, 132, 470, 106.726920, 15
155, 130, 473, 105.882515, 8
155, 133, 473, 105.882515, 7
156, 132, 476, 104.882172, 5
156, 135, 476, 104.882172, 5
157, 133, 479, 105.851673, 13
157, 136, 479, 105.851673, 3
158, 135, 482, 107.073791, 3
159, 135, 485, 105.994939, 12
159, 138, 485, 105.994939, 4
160, 136, 488, 105.581004, 14
161, 136, 491, 105.156149, 3
161, 139, 491, 105.156149, 14
162, 138, 494, 106.744241, 16
162, 141, 494, 106.744241, 1
163, 139, 497, 105.558714, 5
164, 139, 500, 104.677794, 1
164, 142, 500, 104.677794, 14
165, 141, 503, 105.188316, 19
166, 142, 506, 107.003069, 6
166, 145, 506, 107.003069, 3
167, 144, 509, 106.658220, 15
168, 144, 512, 106.706638, 5
168, 147, 512, 106.706638, 15
169, 145, 515, 106.618689, 10
170, 145, 518, 106.625307, 7
170, 148, 518, 106.625307, 2
171, 147, 521, 105.574092, 5
171, 150, 521, 105.574092, 6
172, 148, 524, 105.656557, 8
173, 148, 527, 106.473446, 10
173, 151, 527, 106.473446, 2
174, 150, 530, 104.837763, 14
174, 153, 530, 104.837763, 2
175, 151, 533, 106.925904, 11
176, 151, 536, 106.534632, 7
176, 154, 536, 106.534632, 3
177, 153, 539, 107.043794, 11
178, 153, 542, 105.053318, 7
178, 156, 542, 105.053318, 9
179, 154, 545, 106.668766, 9
180, 154, 548, 104.759766, 4
181, 154, 551, 106.000322, 3
182, 154, 554, 106.516070, 1
182, 157, 554, 106.516070, 19
183, 156, 557, 105.459949, 5
184, 156, 560, 106.506203, 6
184, 159, 560, 106.506203, 3
185, 157, 563, 105.786565, 1
185, 160, 563, 105.786565, 16
186, 159, 566, 106.925206, 1
187, 159, 569, 106.618542, 16
187, 162, 569, 106.618542, 1
188, 160, 572, 106.011155, 1
189, 160, 575, 105.706343, 3
189, 163, 575, 105.706343, 16
190, 162, 578, 105.904869, 15
191, 162, 581, 105.329263, 4
191, 165, 581, 105.329263, 10
192, 163, 584, 106.194610, 4
192, 166, 584, 106.194610, 4
193, 165, 587, 104.658475, 2
194, 165, 590, 105.869829, 8
194, 168, 590, 105.869829, 12
195, 166, 593, 105.517707, 13
196, 166, 596, 105.963711, 3
196, 169, 596, 105.963711, 16
197, 168, 599, 105.136568, 5
198, 168, 602, 104.507197, 1
199, 168, 605, 105.312847, 2
199, 171, 605, 105.312847, 3
200, 169, 608, 105.853421, 4
200, 172, 608, 105.853421, 12
201, 171, 611, 104.774745, 8
202, 171, 614, 105.515803, 2
203, 171, 617, 106.924347, 7
203, 174, 617, 106.924347, 8
204, 172, 620, 104.499621, 8
205, 174, 623, 106.252527, 8
206, 174, 626, 106.838508, 4
206, 177, 626, 106.838508, 12
207, 175, 629, 106.935662, 4
208, 175, 632, 104.918620, 3
209, 175, 635, 104.795347, 11
210, 175, 638, 106.284582, 2
210, 178, 638, 106.284582, 4
211, 177, 641, 105.711471, 4
212, 177, 644, 106.566248, 4
212, 180, 644, 106.566248, 13
213, 178, 647, 106.486123, 9
214, 178, 650, 106.515269, 7
215, 180, 653, 105.660814, 7
215, 183, 653, 105.660814, 9
216, 181, 656, 105.161165, 2
217, 181, 659, 104.947702, 14
218, 181, 662, 106.596488, 4
218, 184, 662, 106.596488, 6
219, 183, 665, 106.152091, 11
219, 186, 665, 106.152091, 3
220, 184, 668, 105.208097, 4
221, 184, 671, 106.785239, 3
222, 184, 674, 104.800837, 7
222, 187, 674, 104.800837, 9
223, 186, 677, 105.627456, 2
224, 186, 680, 106.988667, 4
225, 186, 683, 105.701696, 11
225, 189, 683, 105.701696, 9
226, 187, 686, 105.663071, 10
227, 187, 689, 106.392399, 1
227, 190, 689, 106.392399, 11
228, 189, 692, 106.755804, 9
229, 189, 695, 105.865730, 2
229, 192, 695, 105.865730, 6
230, 190, 698, 106.404378, 8
231, 190, 701, 106.021702, 1
231, 193, 701, 106.021702, 4
232, 192, 704, 104.722403, 8
233, 192, 707, 106.660755, 6
233, 195, 707, 106.660755, 11
234, 193, 710, 106.764200, 12
235, 193, 713, 105.478034, 4
235, 196, 713, 105.478034, 13
236, 195, 716, 106.438142, 2
237, 195, 719, 105.751049, 7
237, 198, 719, 105.751049, 1
238, 196, 722, 105.589686, 7
238, 199, 722, 105.589686, 7
239, 198, 725, 104.633440, 4
240, 198, 728, 105.602516, 15
240, 201, 728, 105.602516, 3
241, 199, 731, 106.575817, 9
242, 199, 734, 105.899458, 4
242, 202, 734, 105.899458, 3
243, 201, 737, 106.357033, 17
243, 204, 737, 106.357033, 1
244, 202, 740, 105.280548, 1
245, 202, 743, 106.010169, 16
245, 205, 743, 106.010169, 2
246, 204, 746, 104.625064, 4
247, 204, 749, 104.666955, 15
247, 207, 749, 104.666955, 5
248, 205, 752, 105.392441, 13
249, 205, 755, 105.140888, 5
249, 208, 755, 105.140888, 11
250, 207, 758, 107.031475, 8
251, 207, 761, 105.809369, 7
251, 210, 761, 105.809369, 4
252, 208, 764, 106.034406, 9
252, 211, 764, 106.034406, 3
253, 210, 767, 105.860529, 16
253, 213, 767, 105.860529, 3
254, 211, 770, 106.785642, 17
255, 213, 773, 106.517649, 14
256, 213, 776, 106.627385, 3
256, 216, 776, 106.627385, 8
257, 214, 779, 106.852537, 12
258, 214, 782, 106.994615, 8
258, 217, 782, 106.994615, 3
259, 216, 785, 105.487442, 7
260, 216, 788, 104.810917, 1
261, 216, 791, 106.933830, 4
261, 219, 791, 106.933830, 5
262, 217, 794, 106.348096, 4
263, 217, 797, 106.908135, 13
263, 220, 797, 106.908135, 6
264, 219, 800, 104.566163, 15
264, 222, 800, 104.566163, 3
265, 220, 803, 105.887876, 6
266, 220, 806, 105.005032, 8
266, 223, 806, 105.005032, 8
267, 222, 809, 106.351479, 10
268, 222, 812, 105.892293, 3
269, 222, 815, 105.527105, 4
269, 225, 815, 105.527105, 15
270, 223, 818, 106.600908, 12
270, 226, 818, 106.600908, 8
271, 225, 821, 104.574986, 5
271, 228, 821, 104.574986, 7
272, 226, 824, 106.099559, 12
272, 229, 824, 106.099559, 2
273, 228, 827, 105.407468, 8
274, 228, 830, 105.497380, 5
274, 231, 830, 105.497380, 12
275, 229, 833, 106.905656, 11
276, 229, 836, 106.400904, 7
276, 232, 836, 106.400904, 1
277, 231, 839, 106.779045, 8
277, 234, 839, 106.779045, 8
278, 232, 842, 106.007392, 13
279, 232, 845, 105.092823, 2
280, 232, 848, 106.580839, 4
280, 235, 848, 106.580839, 8
281, 234, 851, 105.764614, 9
282, 234, 854, 106.308070, 3
282, 237, 854, 106.308070, 3
283, 235, 857, 105.554022, 12
283, 238, 857, 105.554022, 8
284, 237, 860, 107.047587, 8
285, 237, 863, 105.762939, 9
285, 240, 863, 105.762939, 7
286, 238, 866, 105.076886, 3
287, 238, 869, 106.797287, 9
287, 241, 869, 106.797287, 6
288, 240, 872, 106.165533, 8
289, 240, 875, 107.016596, 5
289, 243, 875, 107.016596, 8
290, 241, 878, 104.477686, 4
291, 241, 881, 106.674431, 7
292, 241, 884, 106.001018, 2
293, 241, 887, 105.185459, 1
293, 244, 887, 105.185459, 19
294, 243, 890, 104.565952, 7
295, 243, 893, 106.964752, 5
295, 246, 893, 106.964752, 7
296, 244, 896, 106.657300, 1
296, 247, 896, 106.657300, 18
297, 246, 899, 105.635996, 8
298, 246, 902, 106.270544, 1
299, 246, 905, 106.716481, 4
299, 249, 905, 106.716481, 9
300, 247, 908, 106.024956, 2
300, 250, 908, 106.024956, 5
301, 249, 911, 106.482747, 2
302, 249, 914, 106.893405, 2
303, 249, 917, 105.866769, 7
303, 252, 917, 105.866769, 9
304, 250, 920, 105.457012, 11
305, 250, 923, 104.659256, 3
306, 250, 926, 106.825104, 1
306, 253, 926, 106.825104, 6
307, 252, 929, 105.736835, 11
307, 255, 929, 105.736835, 1
308, 253, 932, 105.735687, 13
309, 253, 935, 105.444917, 1
309, 256, 935, 105.444917, 2
310, 255, 938, 104.596951, 4
311, 255, 941, 105.384660, 3
312, 255, 944, 106.467047, 10
313, 255, 947, 105.815031, 2
313, 258, 947, 105.815031, 15
314, 256, 950, 105.159104, 11
315, 256, 953, 105.226380, 7
315, 259, 953, 105.226380, 6
316, 258, 956, 106.759176, 5
316, 261, 956, 106.759176, 13
317, 259, 959, 106.799543, 4
318, 259, 962, 105.920657, 8
319, 259, 965, 105.626864, 2
319, 262, 965, 105.626864, 14
320, 261, 968, 106.038605, 7
320, 264, 968, 106.038605, 7
321, 262, 971, 106.215210, 6
321, 265, 971, 106.215210, 10
322, 264, 974, 106.119564, 13
322, 267, 974, 106.119564, 6
323, 265, 977, 104.527890, 10
323, 268, 977, 104.527890, 3
324, 267, 980, 105.756112, 2
325, 267, 983, 106.216573, 5
326, 267, 986, 105.340538, 3
327, 267, 989, 107.066497, 4
327, 270, 989, 107.066497, 16
328, 268, 992, 106.357579, 17
328, 271, 992, 106.357579, 3
329, 270, 995, 105.651721, 4
329, 273, 995, 105.651721, 1
330, 271, 998, 105.038795, 3
331, 271, 1001, 106.778370, 9
332, 271, 1004, 104.907536, 5
332, 274, 1004, 104.907536, 4
333, 273, 1007, 106.363573, 18
334, 273, 1010, 106.697546, 1
334, 276, 1010, 106.697546, 6
335, 274, 1013, 104.567557, 8
336, 274, 1016, 106.203595, 8
336, 277, 1016, 106.203595, 9
337, 276, 1019, 104.976424, 13
338, 276, 1022, 106.488562, 1
338, 279, 1022, 106.488562, 8
339, 277, 1025, 106.476850, 1
340, 277, 1028, 106.094885, 2
341, 277, 1031, 105.746814, 8
342, 279, 1034, 106.334111, 11
343, 279, 1037, 105.135154, 1
343, 282, 1037, 105.135154, 6
344, 280, 1040, 105.823249, 3
345, 280, 1043, 104.601442, 5
346, 280, 1046, 106.518161, 8
347, 280, 1049, 105.352825, 4
347, 283, 1049, 105.352825, 11
348, 282, 1052, 105.943646, 13
349, 282, 1055, 105.597816, 1
349, 285, 1055, 105.597816, 17
350, 283, 1058, 106.720077, 6
351, 283, 1061, 105.291949, 3
351, 286, 1061, 105.291949, 14
352, 285, 1064, 106.638918, 3
352, 288, 1064, 106.638918, 11
353, 286, 1067, 106.175499, 3
354, 286, 1070, 105.034712, 3
354, 289, 1070, 105.034712, 3
355, 288, 1073, 104.966773, 9
355, 291, 1073, 104.966773, 6
356, 289, 1076, 104.585745, 15
357, 289, 1079, 106.846874, 2
357, 292, 1079, 106.846874, 1
358, 291, 1082, 104.505814, 12
359, 291, 1085, 105.066104, 2
359, 294, 1085, 105.066104, 11
360, 292, 1088, 106.189848, 18
361, 292, 1091, 105.283557, 1
361, 295, 1091, 105.283557, 6
362, 294, 1094, 105.516096, 8
363, 294, 1097, 105.825583, 1
364, 295, 1100, 106.037113, 9
365, 295, 1103, 105.133463, 5
365, 298, 1103, 105.133463, 8
366, 297, 1106, 105.162698, 2
367, 297, 1109, 105.488340, 2
368, 297, 1112, 105.823487, 16
369, 298, 1115, 106.962083, 12
369, 301, 1115, 106.962083, 4
370, 300, 1118, 105.497207, 15
371, 300, 1121, 106.153313, 5
371, 303, 1121, 106.153313, 14
372, 301, 1124, 105.311927, 4
373, 301, 1127, 105.861463, 4
374, 301, 1130, 105.769133, 8
374, 304, 1130, 105.769133, 1
375, 303, 1133, 105.388405, 2
376, 303, 1136, 106.091251, 4
376, 306, 1136, 106.091251, 1
377, 304, 1139, 105.382655, 13
378, 304, 1142, 106.905896, 4
379, 304, 1145, 105.380699, 1
380, 304, 1148, 105.702374, 1
380, 307, 1148, 105.702374, 13
381, 306, 1151, 106.775383, 12
382, 306, 1154, 105.352669, 7
382, 309, 1154, 105.352669, 3
383, 307, 1157, 105.468133, 7
383, 310, 1157, 105.468133, 13
384, 309, 1160, 105.990507, 12
385, 309, 1163, 106.527646, 5
385, 312, 1163, 106.527646, 14
386, 310, 1166, 106.688230, 7
387, 312, 1169, 106.913205, 1
388, 312, 1172, 105.553542, 5
388, 315, 1172, 105.553542, 11
389, 313, 1175, 106.781915, 5
390, 313, 1178, 105.576472, 2
391, 313, 1181, 104.534300, 3
392, 313, 1184, 107.018348, 3
393, 313, 1187, 106.221011, 7
393, 316, 1187, 106.221011, 5
394, 315, 1190, 106.120381, 9
394, 318, 1190, 106.120381, 8
395, 316, 1193, 105.764489, 10
396, 316, 1196, 106.677166, 5
397, 318, 1199, 104.953530, 3
398, 318, 1202, 105.534515, 9
398, 321, 1202, 105.534515, 1
399, 319, 1205, 104.615636, 17
400, 319, 1208, 104.497845, 3
400, 322, 1208, 104.497845, 11
401, 321, 1211, 106.450191, 13
402, 321, 1214, 106.344002, 6
402, 324, 1214, 106.344002, 11
403, 322, 1217, 106.604851, 2
404, 322, 1220, 106.758439, 7
404, 325, 1220, 106.758439, 11
405, 324, 1223, 104.535315, 9
406, 325, 1226, 105.085290, 6
407, 325, 1229, 104.877997, 3
407, 328, 1229, 104.877997, 13
408, 327, 1232, 105.094884, 9
409, 327, 1235, 106.961325, 3
410, 327, 1238, 104.735071, 2
411, 327, 1241, 106.757497, 6
411, 330, 1241, 106.757497, 2
412, 328, 1244, 104.877116, 7
412, 331, 1244, 104.877116, 8
413, 330, 1247, 105.862377, 9
414, 330, 1250, 105.161217, 9
414, 333, 1250, 105.161217, 4
415, 331, 1253, 104.742503, 12
415, 334, 1253, 104.742503, 6
416, 333, 1256, 104.507303, 8
417, 333, 1259, 105.251262, 2
418, 333, 1262, 105.070965, 6
418, 336, 1262, 105.070965, 10
419, 334, 1265, 104.631347, 6
420, 334, 1268, 106.287077, 8
420, 337, 1268, 106.287077, 7
421, 336, 1271, 104.854267, 8
422, 336, 1274, 105.677999, 2
422, 339, 1274, 105.677999, 6
423, 337, 1277, 106.242449, 13
423, 340, 1277, 106.242449, 7
424, 339, 1280, 105.159157, 14
424, 342, 1280, 105.159157, 4
425, 340, 1283, 104.845620, 13
425, 343, 1283, 104.845620, 7
426, 342, 1286, 104.556089, 16
427, 343, 1289, 105.289547, 13
428, 345, 1292, 106.248212, 16
429, 345, 1295, 105.542186, 4
429, 348, 1295, 105.542186, 1
430, 346, 1298, 105.280954, 7
431, 346, 1301, 105.760002, 2
432, 346, 1304, 105.767534, 9
433, 346, 1307, 104.552178, 2
433, 349, 1307, 104.552178, 14
434, 348, 1310, 105.035097, 2
435, 348, 1313, 105.112862, 16
436, 348, 1316, 106.583231, 1
436, 351, 1316, 106.583231, 15
437, 349, 1319, 106.075981, 3
438, 349, 1322, 104.501605, 3
438, 352, 1322, 104.501605, 11
439, 351, 1325, 105.622975, 5
439, 354, 1325, 105.622975, 1
440, 352, 1328, 106.390763, 7
441, 352, 1331, 105.525646, 2
441, 355, 1331, 105.525646, 1
442, 354, 1334, 104.638074, 16
443, 354, 1337, 105.514008, 3
444, 355, 1340, 105.400844, 18
445, 355, 1343, 104.946441, 1
445, 358, 1343, 104.946441, 14
446, 357, 1346, 107.036149, 17
447, 357, 1349, 106.848377, 3
447, 360, 1349, 106.848377, 6
448, 358, 1352, 105.644032, 6
448, 361, 1352, 105.644032, 5
449, 360, 1355, 106.425037, 14
449, 363, 1355, 106.425037, 6
450, 361, 1358, 105.147889, 9
451, 361, 1361, 105.825172, 6
451, 364, 1361, 105.825172, 4
452, 363, 1364, 106.558418, 3
453, 363, 1367, 105.857857, 4
454, 363, 1370, 104.842016, 7
454, 366, 1370, 104.842016, 10
455, 364, 1373, 105.560300, 5
456, 364, 1376, 105.364749, 11
456, 367, 1376, 105.364749, 9
457, 366, 1379, 106.255596, 10
457, 369, 1379, 106.255596, 3
458, 367, 1382, 106.131917, 11
458, 370, 1382, 106.131917, 2
459, 369, 1385, 105.787129, 17
459, 372, 1385, 105.787129, 1
460, 370, 1388, 106.543694, 3
461, 370, 1391, 107.046296, 15
461, 373, 1391, 107.046296, 5
462, 372, 1394, 105.589918, 11
463, 372, 1397, 105.338846, 8
463, 375, 1397, 105.338846, 3
464, 373, 1400, 104.638338, 7
465, 373, 1403, 106.891399, 8
466, 375, 1406, 105.937447, 8
467, 375, 1409, 105.799181, 1
468, 375, 1412, 105.258222, 8
468, 378, 1412, 105.258222, 4
469, 376, 1415, 105.227570, 16
470, 376, 1418, 105.009758, 4
470, 379, 1418, 105.009758, 9
471, 378, 1421, 105.593284, 11
472, 378, 1424, 104.653402, 5
472, 381, 1424, 104.653402, 15
473, 379, 1427, 105.183126, 8
474, 379, 1430, 107.044976, 3
475, 381, 1433, 105.667509, 5
475, 384, 1433, 105.667509, 11
476, 382, 1436, 106.204577, 9
477, 382, 1439, 105.743235, 7
478, 382, 1442, 105.380839, 4
478, 385, 1442, 105.380839, 11
479, 384, 1445, 105.228857, 9
479, 387, 1445, 105.228857, 9
480, 385, 1448, 104.549275, 9
480, 388, 1448, 104.549275, 1
481, 387, 1451, 105.562025, 11
481, 390, 1451, 105.562025, 7
482, 388, 1454, 105.138858, 19
482, 391, 1454, 105.138858, 1
483, 390, 1457, 106.002097, 2
484, 390, 1460, 105.786200, 3
485, 390, 1463, 104.550898, 8
485, 393, 1463, 104.550898, 12
486, 391, 1466, 105.371931, 7
487, 391, 1469, 105.002050, 7
488, 391, 1472, 105.117743, 5
488, 394, 1472, 105.117743, 9
489, 393, 1475, 106.784746, 8
490, 394, 1478, 104.990517, 9
491, 394, 1481, 105.722351, 2
491, 397, 1481, 105.722351, 14
492, 396, 1484, 106.651665, 15
493, 396, 1487, 107.071033, 5
493, 399, 1487, 107.071033, 2
494, 397, 1490, 105.708740, 4
495, 397, 1493, 106.932243, 2
496, 399, 1496, 106.549779, 5
497, 399, 1499, 106.854311, 13
497, 402, 1499, 106.854311, 6
498, 400, 1502, 104.957514, 4
499, 400, 1505, 107.020505, 11
500, 400, 1508, 105.092033, 5
500, 403, 1508, 105.092033, 11
501, 402, 1511, 104.604125, 1
502, 402, 1514, 105.887196, 4
503, 402, 1517, 106.810901, 9
503, 405, 1517, 106.810901, 10
504, 403, 1520, 106.387220, 9
504, 406, 1520, 106.387220, 7
505, 405, 1523, 105.392476, 3
506, 405, 1526, 106.147412, 7
506, 408, 1526, 106.147412, 10
507, 406, 1529, 105.128493, 13
508, 408, 1532, 107.058875, 2
509, 408, 1535, 104.779550, 8
509, 411, 1535, 104.779550, 5
510, 409, 1538, 105.056251, 13
511, 409, 1541, 106.087295, 7
511, 412, 1541, 106.087295, 8
512, 411, 1544, 106.147632, 12
513, 411, 1547, 106.909966, 3
513, 414, 1547, 106.909966, 17
514, 412, 1550, 105.023879, 12
514, 415, 1550, 105.023879, 1
515, 414, 1553, 105.047451, 3
515, 417, 1553, 105.047451, 2
516, 415, 1556, 106.142671, 7
517, 415, 1559, 104.658880, 12
517, 418, 1559, 104.658880, 3
518, 417, 1562, 106.453936, 18
519, 418, 1565, 104.913664, 4
520, 418, 1568, 104.847195, 4
521, 418, 1571, 106.109456, 9
522, 420, 1574, 104.734689, 13
523, 420, 1577, 105.782040, 6
524, 420, 1580, 106.997193, 1
524, 423, 1580, 106.997193, 14
525, 421, 1583, 106.869181, 1
526, 421, 1586, 105.433998, 5
527, 421, 1589, 106.952353, 14
527, 424, 1589, 106.952353, 5
528, 423, 1592, 105.819126, 6
528, 426, 1592, 105.819126, 7
529, 424, 1595, 104.845135, 9
530, 424, 1598, 106.879750, 6
530, 427, 1598, 106.879750, 3
531, 426, 1601, 106.739631, 9
532, 426, 1604, 106.799489, 4
532, 429, 1604, 106.799489, 5
533, 427, 1607, 106.980903, 17
534, 429, 1610, 104.956313, 9
535, 429, 1613, 105.059662, 6
535, 432, 1613, 105.059662, 13
536, 430, 1616, 104.899775, 5
537, 430, 1619, 105.168181, 10
538, 430, 1622, 106.000987, 5
538, 433, 1622, 106.000987, 4
539, 432, 1625, 104.636167, 2
540, 432, 1628, 106.889631, 3
541, 432, 1631, 104.891324, 2
541, 435, 1631, 104.891324, 15
542, 433, 1634, 105.123081, 2
543, 433, 1637, 105.602548, 8
544, 433, 1640, 106.433485, 6
544, 436, 1640, 106.433485, 13
545, 435, 1643, 106.158403, 5
545, 438, 1643, 106.158403, 14
546, 436, 1646, 105.527052, 7
546, 439, 1646, 105.527052, 7
547, 438, 1649, 105.150543, 6
547, 441, 1649, 105.150543, 7
548, 439, 1652, 105.130681, 13
548, 442, 1652, 105.130681, 1
549, 441, 1655, 105.857290, 8
550, 441, 1658, 106.934323, 5
550, 444, 1658, 106.934323, 13
551, 442, 1661, 104.672296, 13
552, 442, 1664, 105.781298, 6
552, 445, 1664, 105.781298, 1
553, 444, 1667, 104.804329, 6
554, 444, 1670, 106.468584, 1
554, 447, 1670, 106.468584, 2
555, 445, 1673, 106.106959, 15
556, 445, 1676, 106.638984, 4
556, 448, 1676, 106.638984, 15
557, 447, 1679, 104.931326, 14
558, 447, 1682, 106.662460, 4
559, 448, 1685, 105.836115, 5
559, 451, 1685, 105.836115, 7
560, 450, 1688, 107.040170, 18
561, 450, 1691, 105.226594, 2
561, 453, 1691, 105.226594, 2
562, 451, 1694, 106.803857, 10
563, 451, 1697, 105.963250, 3
563, 454, 1697, 105.963250, 11
564, 453, 1700, 105.664656, 18
564, 456, 1700, 105.664656, 2
565, 454, 1703, 106.040347, 7
566, 454, 1706, 106.288004, 2
566, 457, 1706, 106.288004, 16
567, 456, 1709, 104.591234, 1
568, 456, 1712, 105.502719, 10
569, 456, 1715, 105.618502, 7
569, 459, 1715, 105.618502, 10
570, 457, 1718, 106.181193, 3
571, 457, 1721, 107.008259, 1
571, 460, 1721, 107.008259, 10
572, 459, 1724, 105.592749, 9
573, 459, 1727, 106.458507, 1
573, 462, 1727, 106.458507, 18
574, 460, 1730, 104.498888, 5
575, 460, 1733, 104.867787, 5
575, 463, 1733, 104.867787, 11
576, 462, 1736, 107.065143, 2
576, 465, 1736, 107.065143, 15
577, 463, 1739, 104.787526, 9
577, 466, 1739, 104.787526, 8
578, 465, 1742, 106.159314, 4
579, 465, 1745, 105.957628, 1
579, 468, 1745, 105.957628, 13
580, 466, 1748, 105.450433, 12
580, 469, 1748, 105.450433, 4
581, 468, 1751, 106.961464, 6
582, 468, 1754, 107.018757, 1
582, 471, 1754, 107.018757, 6
583, 469, 1757, 106.223556, 13
584, 469, 1760, 105.283775, 1
585, 469, 1763, 105.963906, 2
585, 472, 1763, 105.963906, 12
586, 471, 1766, 105.994070, 3
587, 471, 1769, 105.120615, 6
588, 471, 1772, 106.603750, 5
588, 474, 1772, 106.603750, 2
589, 472, 1775, 106.144266, 3
590, 472, 1778, 106.472204, 5
590, 475, 1778, 106.472204, 3
591, 474, 1781, 105.405770, 1
592, 474, 1784, 105.617239, 3
593, 474, 1787, 104.917767, 11
594, 474, 1790, 106.275951, 3
594, 477, 1790, 106.275951, 11
595, 475, 1793, 105.472558, 10
596, 475, 1796, 105.991156, 7
596, 478, 1796, 105.991156, 9
597, 477, 1799, 104.587777, 3
598, 477, 1802, 104.757335, 6
598, 480, 1802, 104.757335, 11
599, 478, 1805, 106.904283, 10
600, 478, 1808, 105.431788, 1
600, 481, 1808, 105.431788, 5
601, 480, 1811, 104.963331, 9
601, 483, 1811, 104.963331, 1
602, 481, 1814, 106.448308, 5
603, 481, 1817, 105.216770, 10
603, 484, 1817, 105.216770, 7
604, 483, 1820, 105.208514, 19
605, 484, 1823, 106.885001, 12
606, 484, 1826, 104.606820, 1
606, 487, 1826, 104.606820, 13
607, 486, 1829, 104.979115, 14
608, 486, 1832, 106.226346, 6
608, 489, 1832, 106.226346, 6
609, 487, 1835, 106.842670, 7
609, 490, 1835, 106.842670, 13
610, 489, 1838, 105.633275, 7
611, 489, 1841, 106.729494, 7
611, 492, 1841, 106.729494, 8
612, 490, 1844, 105.041417, 7
612, 493, 1844, 105.041417, 6
613, 492, 1847, 104.517307, 12
613, 495, 1847, 104.517307, 5
614, 493, 1850, 106.339019, 14
614, 496, 1850, 106.339019, 4
615, 495, 1853, 106.643402, 4
616, 495, 1856, 105.377683, 11
616, 498, 1856, 105.377683, 6
617, 496, 1859, 105.512665, 6
618, 496, 1862, 105.438585, 10
619, 498, 1865, 104.816763, 11
620, 498, 1868, 106.264417, 3
620, 501, 1868, 106.264417, 9
621, 499, 1871, 104.808046, 7
622, 499, 1874, 104.553626, 7
623, 499, 1877, 107.056123, 6
623, 502, 1877, 107.056123, 4
624, 501, 1880, 104.601099, 11
624, 504, 1880, 104.601099, 7
625, 502, 1883, 105.986019, 4
626, 502, 1886, 106.855336, 3
627, 502, 1889, 105.303164, 9
627, 505, 1889, 105.303164, 9
628, 504, 1892, 105.246967, 13
629, 505, 1895, 106.523685, 11
629, 508, 1895, 106.523685, 5
630, 507, 1898, 104.659709, 4
631, 507, 1901, 105.467058, 1
632, 507, 1904, 106.843235, 12
633, 507, 1907, 105.979988, 3
633, 510, 1907, 105.979988, 17
634, 508, 1910, 105.797973, 12
635, 508, 1913, 106.684945, 3
635, 511, 1913, 106.684945, 1
636, 510, 1916, 105.384269, 3
636, 513, 1916, 105.384269, 5
637, 511, 1919, 105.896749, 8
638, 511, 1922, 104.769835, 11
638, 514, 1922, 104.769835, 7
639, 513, 1925, 106.873950, 10
640, 513, 1928, 106.287283, 5
640, 516, 1928, 106.287283, 8
641, 514, 1931, 106.695249, 13
641, 517, 1931, 106.695249, 1
642, 516, 1934, 106.319552, 9
643, 516, 1937, 106.140366, 3
643, 519, 1937, 106.140366, 9
644, 517, 1940, 104.957923, 19
645, 519, 1943, 106.862471, 11
645, 522, 1943, 106.862471, 2
646, 520, 1946, 106.279211, 17
647, 520, 1949, 106.723961, 3
647, 523, 1949, 106.723961, 9
648, 522, 1952, 104.859481, 9
649, 522, 1955, 105.428081, 6
650, 522, 1958, 105.617920, 3
650, 525, 1958, 105.617920, 9
651, 523, 1961, 104.848358, 8
652, 523, 1964, 105.377781, 3
652, 526, 1964, 105.377781, 6
653, 525, 1967, 105.066492, 11
653, 528, 1967, 105.066492, 2
654, 526, 1970, 105.939166, 3
655, 526, 1973, 105.193764, 11
655, 529, 1973, 105.193764, 5
656, 528, 1976, 106.879394, 18
656, 531, 1976, 106.879394, 2
657, 529, 1979, 106.110734, 3
658, 529, 1982, 105.060178, 12
658, 532, 1982, 105.060178, 5
659, 531, 1985, 105.548292, 18
659, 534, 1985, 105.548292, 2
660, 532, 1988, 104.507120, 15
661, 534, 1991, 104.830582, 5
662, 534, 1994, 105.884081, 13
662, 537, 1994, 105.884081, 5
663, 535, 1997, 105.802544, 2
664, 535, 2000, 105.331540, 5
665, 535, 2003, 106.821230, 11
666, 535, 2006, 105.388253, 2
666, 538, 2006, 105.388253, 12
667, 537, 2009, 104.910351, 15
667, 540, 2009, 104.910351, 2
668, 538, 2012, 107.008778, 8
668, 541, 2012, 107.008778, 6
669, 540, 2015, 105.594503, 13
670, 540, 2018, 104.987494, 5
670, 543, 2018, 104.987494, 13
671, 541, 2021, 106.337293, 14
671, 544, 2021, 106.337293, 5
672, 543, 2024, 106.963051, 7
672, 546, 2024, 106.963051, 5
673, 544, 2027, 104.829081, 15
674, 546, 2030, 106.562159, 10
675, 546, 2033, 105.995414, 4
676, 546, 2036, 105.978487, 1
676, 549, 2036, 105.978487, 14
677, 547, 2039, 106.703202, 8
678, 547, 2042, 105.572781, 12
678, 550, 2042, 105.572781, 5
679, 549, 2045, 106.685742, 2
680, 549, 2048, 105.592387, 4
680, 552, 2048, 105.592387, 12
681, 550, 2051, 106.035591, 5
682, 550, 2054, 105.041042, 2
683, 550, 2057, 105.429720, 8
683, 553, 2057, 105.429720, 8
684, 552, 2060, 106.612905, 8
684, 555, 2060, 106.612905, 10
685, 553, 2063, 105.580087, 12
686, 555, 2066, 106.063578, 10
686, 558, 2066, 106.063578, 3
687, 556, 2069, 106.801468, 7
688, 556, 2072, 105.209128, 13
688, 559, 2072, 105.209128, 5
689, 558, 2075, 107.072846, 5
690, 558, 2078, 105.922578, 12
690, 561, 2078, 105.922578, 7
691, 559, 2081, 106.686688, 13
692, 559, 2084, 105.284367, 2
692, 562, 2084, 105.284367, 11
693, 561, 2087, 106.968778, 13
693, 564, 2087, 106.968778, 5
694, 562, 2090, 106.646722, 1
695, 562, 2093, 106.956935, 8
695, 565, 2093, 106.956935, 3
696, 564, 2096, 106.823944, 15
696, 567, 2096, 106.823944, 2
697, 565, 2099, 106.257293, 17
697, 568, 2099, 106.257293, 2
698, 567, 2102, 105.409578, 1
699, 567, 2105, 106.213644, 9
700, 567, 2108, 106.296621, 4
701, 567, 2111, 105.546894, 2
702, 567, 2114, 106.458337, 2
702, 570, 2114, 106.458337, 9
703, 568, 2117, 105.275497, 8
704, 568, 2120, 106.300446, 7
705, 568, 2123, 105.671574, 3
705, 571, 2123, 105.671574, 3
706, 570, 2126, 105.296831, 11
706, 573, 2126, 105.296831, 5
707, 571, 2129, 106.489832, 6
708, 571, 2132, 105.022585, 7
709, 571, 2135, 106.981901, 1
710, 571, 2138, 105.402166, 3
710, 574, 2138, 105.402166, 5
711, 573, 2141, 105.584273, 15
711, 576, 2141, 105.584273, 4
712, 574, 2144, 104.963295, 15
712, 577, 2144, 104.963295, 4
713, 576, 2147, 105.285879, 16
713, 579, 2147, 105.285879, 3
714, 577, 2150, 107.036834, 15
715, 577, 2153, 105.911372, 1
715, 580, 2153, 105.911372, 13
716, 579, 2156, 106.046027, 17
717, 580, 2159, 106.983612, 7
717, 583, 2159, 106.983612, 12
718, 582, 2162, 104.865847, 9
719, 582, 2165, 104.553418, 3
720, 582, 2168, 107.063890, 8
720, 585, 2168, 107.063890, 5
721, 583, 2171, 105.558852, 8
721, 586, 2171, 105.558852, 11
722, 585, 2174, 105.529441, 15
722, 588, 2174, 105.529441, 5
723, 586, 2177, 104.822570, 9
723, 589, 2177, 104.822570, 10
724, 588, 2180, 105.142865, 6
725, 588, 2183, 104.898904, 3
726, 588, 2186, 106.443422, 6
726, 591, 2186, 106.443422, 2
727, 589, 2189, 105.393700, 8
728, 589, 2192, 106.163748, 2
728, 592, 2192, 106.163748, 14
729, 591, 2195, 105.569261, 14
730, 591, 2198, 104.875867, 4
730, 594, 2198, 104.875867, 16
731, 592, 2201, 106.867329, 6
731, 595, 2201, 106.867329, 2
732, 594, 2204, 104.911509, 4
733, 595, 2207, 105.270827, 13
734, 595, 2210, 105.373665, 5
734, 598, 2210, 105.373665, 8
735, 597, 2213, 104.585179, 20
736, 598, 2216, 106.647798, 9
737, 598, 2219, 105.498161, 3
737, 601, 2219, 105.498161, 5
738, 600, 2222, 105.256222, 4
739, 600, 2225, 106.301651, 10
740, 600, 2228, 105.999526, 5
741, 600, 2231, 106.695653, 1
741, 603, 2231, 106.695653, 6
742, 601, 2234, 106.371988, 3
743, 601, 2237, 106.979979, 12
744, 603, 2240, 105.291065, 14
744, 606, 2240, 105.291065, 6
745, 604, 2243, 106.995869, 3
746, 604, 2246, 105.057827, 14
747, 604, 2249, 105.776979, 3
747, 607, 2249, 105.776979, 6
748, 606, 2252, 106.380365, 14
748, 609, 2252, 106.380365, 3
749, 607, 2255, 106.241738, 14
750, 609, 2258, 106.391849, 1
751, 609, 2261, 105.330653, 3
752, 609, 2264, 106.939392, 7
753, 609, 2267, 105.926071, 6
753, 612, 2267, 105.926071, 6
754, 610, 2270, 105.569396, 5
755, 610, 2273, 106.654587, 7
756, 610, 2276, 106.108768, 8
756, 613, 2276, 106.108768, 10
757, 612, 2279, 106.423744, 14
757, 615, 2279, 106.423744, 5
758, 613, 2282, 106.351839, 2
759, 613, 2285, 105.502496, 3
760, 613, 2288, 105.702666, 5
760, 616, 2288, 105.702666, 4
761, 615, 2291, 105.245750, 3
762, 615, 2294, 104.688266, 12
762, 618, 2294, 104.688266, 1
763, 616, 2297, 105.245995, 14
764, 616, 2300, 105.999598, 2
764, 619, 2300, 105.999598, 12
765, 618, 2303, 106.133337, 10
766, 618, 2306, 104.606720, 9
766, 621, 2306, 104.606720, 2
767, 619, 2309, 104.754742, 8
767, 622, 2309, 104.754742, 5
768, 621, 2312, 105.106207, 8
769, 621, 2315, 106.485179, 10
769, 624, 2315, 106.485179, 2
770, 622, 2318, 105.457710, 1
771, 622, 2321, 105.703203, 1
772, 622, 2324, 106.001214, 2
773, 622, 2327, 105.245646, 11
773, 625, 2327, 105.245646, 6
774, 624, 2330, 106.596077, 9
775, 624, 2333, 106.216857, 4
776, 624, 2336, 106.379142, 5
776, 627, 2336, 106.379142, 11
777, 625, 2339, 105.994361, 14
777, 628, 2339, 105.994361, 3
778, 627, 2342, 106.355666, 3
779, 627, 2345, 105.549874, 6
779, 630, 2345, 105.549874, 5
780, 628, 2348, 106.172433, 6
781, 628, 2351, 105.926871, 9
782, 628, 2354, 104.629180, 2
782, 631, 2354, 104.629180, 6
783, 630, 2357, 104.795002, 12
784, 630, 2360, 106.005385, 3
784, 633, 2360, 106.005385, 2
785, 631, 2363, 104.825309, 5
786, 631, 2366, 106.248925, 3
787, 631, 2369, 106.676831, 6
787, 634, 2369, 106.676831, 6
788, 633, 2372, 106.615587, 15
789, 633, 2375, 106.717056, 3
789, 636, 2375, 106.717056, 6
790, 634, 2378, 104.782163, 5
791, 634, 2381, 106.703429, 9
791, 637, 2381, 106.703429, 6
792, 636, 2384, 104.837453, 11
793, 636, 2387, 106.557183, 3
793, 639, 2387, 106.557183, 8
794, 637, 2390, 104.583679, 9
795, 637, 2393, 106.913178, 5
795, 640, 2393, 106.913178, 11
796, 639, 2396, 107.053202, 5
797, 639, 2399, 105.199683, 7
798, 640, 2402, 106.411973, 9
798, 643, 2402, 106.411973, 10
799, 642, 2405, 105.139354, 18
800, 642, 2408, 104.558453, 2
800, 645, 2408, 104.558453, 1
801, 643, 2411, 105.698344, 2
802, 643, 2414, 105.834982, 8
802, 646, 2414, 105.834982, 7
803, 645, 2417, 106.897299, 19
803, 648, 2417, 106.897299, 1
804, 646, 2420, 105.043807, 3
805, 646, 2423, 104.884594, 3
806, 646, 2426, 105.206464, 7
806, 649, 2426, 105.206464, 5
807, 648, 2429, 105.151219, 14
808, 648, 2432, 105.617936, 5
808, 651, 2432, 105.617936, 15
809, 649, 2435, 106.648641, 1
810, 649, 2438, 104.945743, 1
811, 649, 2441, 105.926300, 6
812, 649, 2444, 106.318696, 7
812, 652, 2444, 106.318696, 7
813, 651, 2447, 106.537758, 1
814, 651, 2450, 106.622526, 4
814, 654, 2450, 106.622526, 2
815, 652, 2453, 104.674836, 10
816, 652, 2456, 105.987933, 3
817, 654, 2459, 105.767986, 17
818, 654, 2462, 107.021045, 1
818, 657, 2462, 107.021045, 5
819, 655, 2465, 106.488328, 17
820, 655, 2468, 106.111828, 3
820, 658, 2468, 106.111828, 5
821, 657, 2471, 106.072158, 15
821, 660, 2471, 106.072158, 3
822, 658, 2474, 105.876603, 3
823, 658, 2477, 106.106874, 12
823, 661, 2477, 106.106874, 6
824, 660, 2480, 106.459746, 10
825, 660, 2483, 104.549871, 6
826, 660, 2486, 106.932094, 1
826, 663, 2486, 106.932094, 16
827, 661, 2489, 106.452057, 1
828, 661, 2492, 106.063799, 5
829, 661, 2495, 105.705063, 6
830, 661, 2498, 106.856692, 2
830, 664, 2498, 106.856692, 18
831, 663, 2501, 106.125527, 4
831, 666, 2501, 106.125527, 6
832, 664, 2504, 107.080098, 2
832, 667, 2504, 107.080098, 10
833, 666, 2507, 104.564418, 14
834, 667, 2510, 105.864319, 10
834, 670, 2510, 105.864319, 6
835, 669, 2513, 106.983417, 4
836, 669, 2516, 104.730165, 1
837, 669, 2519, 106.359807, 6
838, 669, 2522, 106.265373, 9
838, 672, 2522, 106.265373, 8
839, 670, 2525, 105.547531, 5
840, 670, 2528, 107.042625, 9
841, 672, 2531, 106.576285, 7
842, 672, 2534, 105.060174, 5
843, 673, 2537, 104.565395, 3
844, 673, 2540, 106.935797, 3
845, 673, 2543, 105.524306, 10
846, 673, 2546, 106.578103, 4
846, 676, 2546, 106.578103, 6
847, 675, 2549, 104.802769, 2
848, 675, 2552, 105.480154, 13
849, 675, 2555, 105.853787, 2
850, 675, 2558, 106.047218, 3
850, 678, 2558, 106.047218, 17
851, 676, 2561, 106.068650, 10
852, 676, 2564, 106.634140, 4
852, 679, 2564, 106.634140, 13
853, 678, 2567, 104.947904, 3
853, 681, 2567, 104.947904, 17
854, 679, 2570, 105.839057, 1
855, 679, 2573, 104.739940, 6
855, 682, 2573, 104.739940, 8
856, 681, 2576, 105.075669, 3
856, 684, 2576, 105.075669, 12
857, 682, 2579, 106.883912, 12
857, 685, 2579, 106.883912, 3
858, 684, 2582, 105.383147, 8
858, 687, 2582, 105.383147, 12
859, 685, 2585, 105.480984, 16
860, 685, 2588, 105.170717, 1
860, 688, 2588, 105.170717, 17
861, 687, 2591, 105.198228, 4
862, 687, 2594, 105.919878, 4
862, 690, 2594, 105.919878, 13
863, 688, 2597, 106.675149, 3
863, 691, 2597, 106.675149, 5
864, 690, 2600, 106.467414, 7
864, 693, 2600, 106.467414, 1
865, 691, 2603, 106.935262, 10
866, 691, 2606, 106.115866, 3
867, 691, 2609, 106.381691, 2
867, 694, 2609, 106.381691, 1
868, 693, 2612, 105.796773, 12
869, 693, 2615, 106.285729, 7
869, 696, 2615, 106.285729, 11
870, 694, 2618, 104.800761, 7
871, 694, 2621, 105.656345, 8
872, 694, 2624, 105.245505, 4
872, 697, 2624, 105.245505, 2
873, 696, 2627, 106.990199, 9
873, 699, 2627, 106.990199, 3
874, 697, 2630, 106.099772, 1
875, 697, 2633, 106.918838, 3
876, 697, 2636, 106.392634, 4
877, 697, 2639, 106.994236, 2
878, 697, 2642, 106.988251, 8
878, 700, 2642, 106.988251, 6
879, 699, 2645, 105.825979, 2
880, 699, 2648, 105.255755, 12
881, 699, 2651, 104.744534, 3
881, 702, 2651, 104.744534, 6
882, 700, 2654, 106.733591, 1
883, 700, 2657, 104.846505, 8
884, 700, 2660, 105.623807, 5
884, 703, 2660, 105.623807, 3
885, 702, 2663, 107.055994, 11
886, 702, 2666, 106.598490, 3
886, 705, 2666, 106.598490, 17
887, 703, 2669, 106.561717, 14
888, 703, 2672, 105.023107, 3
888, 706, 2672, 105.023107, 5
889, 705, 2675, 106.176868, 3
889, 708, 2675, 106.176868, 10
890, 706, 2678, 106.003834, 1
891, 706, 2681, 105.011225, 8
892, 706, 2684, 105.771987, 6
892, 709, 2684, 105.771987, 11
893, 708, 2687, 106.082652, 5
894, 708, 2690, 105.923372, 1
895, 708, 2693, 104.728738, 4
895, 711, 2693, 104.728738, 5
896, 709, 2696, 105.888141, 9
896, 712, 2696, 105.888141, 5
897, 711, 2699, 106.276228, 9
898, 711, 2702, 105.250838, 6
898, 714, 2702, 105.250838, 3
899, 712, 2705, 104.982444, 4
900, 712, 2708, 106.158180, 11
901, 714, 2711, 105.886359, 16
902, 714, 2714, 105.668413, 1
902, 717, 2714, 105.668413, 6
903, 715, 2717, 105.731601, 19
904, 715, 2720, 106.123918, 1
904, 718, 2720, 106.123918, 16
905, 717, 2723, 105.354614, 14
905, 720, 2723, 105.354614, 5
906, 718, 2726, 106.605809, 3
907, 718, 2729, 106.769059, 1
907, 721, 2729, 106.769059, 1
908, 720, 2732, 106.269646, 12
909, 720, 2735, 104.725808, 3
909, 723, 2735, 104.725808, 7
910, 721, 2738, 104.845661, 5
911, 721, 2741, 106.904242, 2
912, 721, 2744, 105.992411, 12
912, 724, 2744, 105.992411, 6
913, 723, 2747, 105.906893, 4
914, 723, 2750, 106.634193, 2
915, 723, 2753, 106.751030, 4
916, 723, 2756, 106.227504, 2
917, 723, 2759, 104.544909, 1
917, 726, 2759, 104.544909, 3
918, 724, 2762, 105.699948, 14
918, 727, 2762, 105.699948, 5
919, 726, 2765, 105.765693, 5
920, 726, 2768, 105.621891, 12
920, 729, 2768, 105.621891, 8
921, 727, 2771, 106.536220, 4
922, 727, 2774, 106.413385, 4
923, 727, 2777, 105.692279, 7
923, 730, 2777, 105.692279, 5
924, 729, 2780, 105.742268, 2
925, 729, 2783, 106.543051, 10
925, 732, 2783, 106.543051, 2
926, 730, 2786, 104.847675, 1
927, 730, 2789, 104.923831, 4
928, 730, 2792, 105.518333, 6
929, 730, 2795, 105.404590, 4
929, 733, 2795, 105.404590, 10
930, 732, 2798, 106.240988, 14
931, 732, 2801, 105.037617, 2
932, 732, 2804, 106.471759, 2
932, 735, 2804, 106.471759, 18
933, 733, 2807, 106.249613, 10
933, 736, 2807, 106.249613, 10
934, 735, 2810, 106.268608, 2
934, 738, 2810, 106.268608, 2
935, 736, 2813, 105.839553, 10
935, 739, 2813, 105.839553, 6
936, 738, 2816, 106.846326, 3
937, 738, 2819, 105.587874, 6
938, 738, 2822, 106.324827, 6
939, 738, 2825, 105.275021, 3
939, 741, 2825, 105.275021, 14
940, 739, 2828, 105.195800, 14
941, 741, 2831, 105.734969, 6
941, 744, 2831, 105.734969, 3
942, 742, 2834, 106.698890, 4
943, 742, 2837, 106.945994, 16
944, 744, 2840, 106.137534, 2
945, 744, 2843, 105.274286, 15
945, 747, 2843, 105.274286, 5
946, 745, 2846, 106.027520, 9
947, 745, 2849, 104.688852, 11
947, 748, 2849, 104.688852, 3
948, 747, 2852, 104.706572, 5
949, 747, 2855, 106.203214, 6
950, 747, 2858, 106.932642, 4
950, 750, 2858, 106.932642, 8
951, 748, 2861, 105.176691, 5
952, 748, 2864, 105.434281, 5
953, 748, 2867, 105.483521, 7
953, 751, 2867, 105.483521, 10
954, 750, 2870, 106.610041, 6
955, 750, 2873, 106.024471, 6
955, 753, 2873, 106.024471, 12
956, 751, 2876, 106.253274, 9
957, 751, 2879, 106.914064, 1
957, 754, 2879, 106.914064, 12
958, 753, 2882, 105.828364, 8
958, 756, 2882, 105.828364, 11
959, 754, 2885, 104.865088, 6
960, 754, 2888, 106.331237, 2
960, 757, 2888, 106.331237, 2
961, 756, 2891, 105.546427, 1
962, 756, 2894, 105.616117, 8
962, 759, 2894, 105.616117, 1
963, 757, 2897, 105.864163, 11
964, 757, 2900, 104.713681, 7
964, 760, 2900, 104.713681, 10
965, 759, 2903, 105.671054, 11
966, 759, 2906, 105.240780, 8
966, 762, 2906, 105.240780, 4
967, 760, 2909, 106.600119, 10
968, 762, 2912, 104.629289, 14
969, 762, 2915, 105.399781, 2
969, 765, 2915, 105.399781, 3
970, 763, 2918, 105.786283, 11
971, 763, 2921, 104.851396, 9
972, 765, 2924, 106.247265, 17
972, 768, 2924, 106.247265, 3
973, 766, 2927, 104.596321, 20
974, 768, 2930, 106.020445, 2
975, 768, 2933, 105.167738, 1
976, 768, 2936, 104.630991, 14
976, 771, 2936, 104.630991, 4
977, 769, 2939, 105.852842, 7
978, 769, 2942, 105.065911, 6
979, 769, 2945, 104.874050, 7
979, 772, 2945, 104.874050, 7
980, 771, 2948, 105.203495, 1
981, 771, 2951, 105.651285, 7
982, 771, 2954, 104.612456, 3
983, 771, 2957, 105.353034, 5
983, 774, 2957, 105.353034, 14
984, 772, 2960, 104.541136, 13
984, 775, 2960, 104.541136, 2
985, 774, 2963, 104.800443, 6
985, 777, 2963, 104.800443, 13
986, 775, 2966, 106.069823, 17
987, 775, 2969, 104.939507, 1
987, 778, 2969, 104.939507, 2
988, 777, 2972, 105.929214, 7
988, 780, 2972, 105.929214, 1
989, 778, 2975, 104.613511, 10
990, 778, 2978, 106.741830, 3
991, 778, 2981, 106.421522, 5
991, 781, 2981, 106.421522, 5
992, 780, 2984, 104.873181, 19
993, 781, 2987, 105.273669, 9
994, 781, 2990, 104.766825, 6
995, 783, 2993, 105.072116, 8
996, 783, 2996, 105.325008, 8
997, 783, 2999, 107.031414, 4
997, 786, 2999, 107.031414, 2
998, 784, 3002, 105.431194, 2
999, 784, 3005, 106.817770, 1
