time, BuyerID, SellerID, Price, Quantity
0, 3, 2, 80.325822, 19
1, 4, 2, 100.483975, 6
2, 4, 2, 107.949694, 9
3, 4, 2, 105.764444, 7
4, 4, 2, 104.391054, 1
4, 3, 2, 104.391054, 3
5, 3, 2, 106.715012, 3
6, 3, 2, 105.685730, 8
6, 3, 2, 105.685730, 11
7, 3, 2, 109.697009, 2
8, 4, 2, 104.862677, 15
9, 3, 2, 109.119763, 7
9, 3, 2, 109.119763, 3
10, 4, 2, 107.380871, 16
11, 3, 2, 109.242772, 2
12, 4, 2, 107.657217, 10
12, 4, 2, 107.657217, 6
13, 3, 2, 108.441273, 9
13, 3, 2, 108.441273, 8
14, 3, 2, 106.864560, 11
15, 4, 2, 106.950126, 3
16, 4, 2, 107.610464, 5
17, 3, 2, 106.206179, 9
17, 3, 2, 106.206179, 5
18, 3, 2, 107.727367, 6
19, 4, 2, 105.741819, 9
20, 4, 2, 109.655586, 7
20, 4, 2, 109.655586, 13
21, 4, 2, 105.631752, 7
21, 4, 2, 105.631752, 12
22, 3, 2, 106.087753, 5
22, 3, 2, 106.087753, 6
23, 3, 2, 107.380190, 2
24, 3, 2, 109.987698, 3
24, 3, 2, 109.987698, 16
25, 3, 2, 104.701178, 4
26, 4, 2, 107.956775, 3
26, 4, 2, 107.956775, 1
27, 3, 2, 105.169022, 2
27, 3, 2, 105.169022, 9
28, 4, 2, 106.886983, 12
28, 4, 2, 106.886983, 3
29, 3, 2, 104.677097, 10
29, 3, 2, 104.677097, 5
30, 4, 2, 108.359394, 10
30, 4, 2, 108.359394, 8
31, 3, 2, 104.823394, 6
31, 3, 2, 104.823394, 11
32, 3, 2, 108.026894, 9
32, 3, 2, 108.026894, 8
33, 3, 2, 108.522937, 5
34, 4, 2, 108.550655, 8
35, 3, 2, 107.563860, 11
36, 3, 2, 106.946916, 4
37, 4, 2, 105.790286, 3
38, 4, 2, 105.418033, 2
38, 4, 2, 105.418033, 17
39, 4, 2, 107.524006, 3
39, 4, 2, 107.524006, 11
40, 3, 2, 108.838549, 7
41, 4, 2, 108.229304, 9
41, 4, 2, 108.229304, 10
42, 4, 2, 108.606504, 10
42, 4, 2, 108.606504, 10
43, 3, 2, 106.034354, 2
43, 3, 2, 106.034354, 6
44, 4, 2, 107.295206, 5
44, 4, 2, 107.295206, 14
45, 3, 2, 106.186620, 10
45, 3, 2, 106.186620, 8
46, 4, 2, 107.297712, 3
46, 4, 2, 107.297712, 5
47, 4, 2, 104.784280, 5
48, 3, 2, 106.473630, 1
49, 3, 2, 108.805230, 3
49, 3, 2, 108.805230, 3
50, 4, 2, 105.420897, 5
50, 4, 2, 105.420897, 15
51, 3, 2, 105.287759, 6
52, 3, 2, 109.699546, 3
52, 3, 2, 109.699546, 6
53, 3, 2, 108.733681, 3
54, 3, 2, 106.232235, 10
54, 3, 2, 106.232235, 8
55, 4, 2, 107.532729, 3
56, 3, 2, 106.090045, 12
56, 3, 2, 106.090045, 6
57, 3, 2, 105.110414, 14
57, 3, 2, 105.110414, 5
58, 4, 2, 109.124855, 5
59, 3, 2, 105.981829, 15
59, 3, 2, 105.981829, 1
60, 3, 2, 109.739918, 2
61, 3, 2, 109.784298, 10
62, 4, 2, 104.889274, 5
63, 4, 2, 105.311151, 5
63, 4, 2, 105.311151, 14
64, 3, 2, 108.056923, 5
64, 3, 2, 108.056923, 6
65, 3, 2, 109.968765, 13
66, 4, 2, 109.212745, 10
66, 4, 2, 109.212745, 4
67, 3, 2, 108.520087, 4
67, 3, 2, 108.520087, 10
68, 4, 2, 109.339069, 6
68, 4, 2, 109.339069, 8
69, 3, 2, 104.612740, 5
69, 3, 2, 104.612740, 3
70, 4, 2, 107.397268, 6
71, 3, 2, 106.502322, 3
72, 3, 2, 108.587008, 3
73, 4, 2, 104.959664, 1
73, 4, 2, 104.959664, 6
74, 3, 2, 105.222266, 5
75, 4, 2, 106.245900, 14
75, 4, 2, 106.245900, 4
76, 3, 2, 107.329731, 4
77, 4, 2, 106.392958, 9
78, 3, 2, 108.395711, 9
79, 4, 2, 107.085652, 2
79, 4, 2, 107.085652, 13
80, 3, 2, 106.341771, 8
81, 4, 2, 105.853732, 7
81, 4, 2, 105.853732, 13
82, 4, 2, 107.605936, 7
82, 4, 2, 107.605936, 6
83, 3, 2, 106.307458, 12
84, 3, 2, 104.702357, 14
85, 3, 2, 106.519610, 1
85, 3, 2, 106.519610, 15
86, 4, 2, 107.636105, 10
86, 4, 2, 107.636105, 2
87, 4, 2, 109.918058, 18
88, 3, 2, 106.470575, 3
88, 3, 2, 106.470575, 8
89, 4, 2, 106.250525, 7
90, 3, 2, 106.991338, 8
91, 4, 2, 106.530392, 17
91, 4, 2, 106.530392, 3
92, 4, 2, 108.353095, 9
93, 3, 2, 107.265847, 3
94, 3, 2, 109.754956, 5
95, 4, 2, 106.079964, 7
96, 3, 2, 105.146782, 4
97, 4, 2, 109.114100, 3
98, 4, 2, 106.721586, 3
98, 4, 2, 106.721586, 7
99, 4, 2, 107.695079, 10
100, 3, 2, 106.795774, 14
100, 3, 2, 106.795774, 2
101, 4, 2, 109.981626, 7
101, 4, 2, 109.981626, 2
102, 3, 2, 105.799000, 4
102, 3, 2, 105.799000, 16
103, 4, 2, 108.953518, 3
103, 4, 2, 108.953518, 15
104, 4, 2, 107.575936, 5
104, 4, 2, 107.575936, 8
105, 4, 2, 108.309086, 12
105, 4, 2, 108.309086, 5
106, 3, 2, 108.867702, 10
106, 3, 2, 108.867702, 9
107, 3, 2, 108.562231, 6
108, 4, 2, 104.509137, 9
109, 4, 2, 107.843729, 6
109, 4, 2, 107.843729, 12
110, 4, 2, 109.532943, 8
110, 4, 2, 109.532943, 6
111, 3, 2, 108.777500, 3
112, 4, 2, 108.667113, 14
112, 4, 2, 108.667113, 5
113, 3, 2, 109.421715, 4
114, 4, 2, 105.603657, 15
114, 4, 2, 105.603657, 3
115, 4, 2, 104.647977, 7
116, 4, 2, 105.818346, 1
117, 3, 2, 105.524601, 11
118, 4, 2, 108.248733, 10
118, 4, 2, 108.248733, 1
119, 4, 2, 105.176274, 14
120, 4, 2, 106.444569, 1
120, 4, 2, 106.444569, 17
121, 3, 2, 109.267047, 1
121, 3, 2, 109.267047, 14
122, 3, 2, 104.873674, 6
122, 3, 2, 104.873674, 5
123, 3, 2, 107.636724, 15
124, 4, 2, 106.820575, 2
124, 4, 2, 106.820575, 16
125, 3, 2, 107.026457, 13
125, 3, 2, 107.026457, 1
126, 3, 2, 108.291803, 19
126, 3, 2, 108.291803, 1
127, 4, 2, 106.316198, 6
127, 4, 2, 106.316198, 5
128, 3, 2, 106.110069, 3
129, 4, 2, 108.791518, 9
130, 4, 2, 109.820698, 3
131, 4, 2, 105.212802, 15
132, 3, 2, 106.598833, 2
133, 4, 2, 108.911648, 13
133, 4, 2, 108.911648, 1
134, 3, 2, 107.705208, 12
134, 3, 2, 107.705208, 7
135, 4, 2, 109.183220, 4
135, 4, 2, 109.183220, 9
136, 3, 2, 106.832943, 2
136, 3, 2, 106.832943, 17
137, 3, 2, 104.563358, 3
137, 3, 2, 104.563358, 7
138, 4, 2, 107.915150, 10
138, 4, 2, 107.915150, 6
139, 3, 2, 109.859380, 12
139, 3, 2, 109.859380, 1
140, 4, 2, 106.188697, 5
140, 4, 2, 106.188697, 14
141, 3, 2, 106.234958, 4
142, 4, 2, 105.852497, 6
142, 4, 2, 105.852497, 5
143, 3, 2, 109.690278, 1
143, 3, 2, 109.690278, 17
144, 4, 2, 106.388969, 1
145, 3, 2, 106.462349, 3
145, 3, 2, 106.462349, 4
146, 4, 2, 107.008177, 12
146, 4, 2, 107.008177, 5
147, 3, 2, 105.781178, 8
147, 3, 2, 105.781178, 5
148, 4, 2, 108.326244, 3
148, 4, 2, 108.326244, 17
149, 4, 2, 107.209533, 3
149, 4, 2, 107.209533, 9
150, 3, 2, 104.903205, 5
150, 3, 2, 104.903205, 4
151, 3, 2, 105.676695, 10
152, 3, 2, 109.141549, 4
152, 3, 2, 109.141549, 1
153, 4, 2, 107.284370, 3
154, 3, 2, 109.420881, 9
154, 3, 2, 109.420881, 2
155, 4, 2, 106.753998, 2
155, 4, 2, 106.753998, 15
156, 3, 2, 107.874841, 7
157, 3, 2, 106.594817, 12
158, 3, 2, 104.762611, 2
158, 3, 2, 104.762611, 12
159, 3, 2, 107.608577, 8
159, 3, 2, 107.608577, 6
160, 4, 2, 105.020551, 2
161, 3, 2, 108.923884, 2
162, 3, 2, 109.455661, 3
162, 3, 2, 109.455661, 14
163, 3, 2, 105.591862, 6
163, 3, 2, 105.591862, 11
164, 3, 2, 107.878787, 9
164, 3, 2, 107.878787, 6
165, 4, 2, 107.217538, 3
165, 4, 2, 107.217538, 2
166, 3, 2, 107.765356, 4
167, 4, 2, 109.554078, 18
167, 4, 2, 109.554078, 2
168, 3, 2, 104.782109, 10
168, 3, 2, 104.782109, 3
169, 4, 2, 108.729424, 8
169, 4, 2, 108.729424, 10
170, 3, 2, 104.813369, 2
171, 3, 2, 105.722944, 7
171, 3, 2, 105.722944, 11
172, 3, 2, 107.858190, 2
173, 4, 2, 106.027576, 8
174, 3, 2, 107.524695, 7
175, 4, 2, 105.695096, 4
176, 3, 2, 106.722064, 11
177, 3, 2, 109.562383, 4
177, 3, 2, 109.562383, 12
178, 4, 2, 108.219085, 2
179, 3, 2, 108.148178, 8
179, 3, 2, 108.148178, 6
180, 4, 2, 107.169963, 5
180, 4, 2, 107.169963, 9
181, 4, 2, 106.230836, 11
181, 4, 2, 106.230836, 1
182, 3, 2, 109.197755, 4
182, 3, 2, 109.197755, 9
183, 4, 2, 104.938368, 6
184, 3, 2, 107.133287, 11
184, 3, 2, 107.133287, 9
185, 4, 2, 105.202237, 2
185, 4, 2, 105.202237, 11
186, 3, 2, 108.159350, 10
186, 3, 2, 108.159350, 8
187, 4, 2, 109.197775, 4
187, 4, 2, 109.197775, 15
188, 3, 2, 109.665525, 5
188, 3, 2, 109.665525, 11
189, 3, 2, 109.210589, 9
189, 3, 2, 109.210589, 9
190, 4, 2, 106.700509, 3
190, 4, 2, 106.700509, 11
191, 4, 2, 104.954719, 9
191, 4, 2, 104.954719, 6
192, 3, 2, 106.986430, 3
192, 3, 2, 106.986430, 14
193, 4, 2, 108.336936, 5
194, 3, 2, 106.782778, 6
194, 3, 2, 106.782778, 12
195, 3, 2, 106.074738, 8
195, 3, 2, 106.074738, 2
196, 4, 2, 107.053978, 1
196, 4, 2, 107.053978, 7
197, 3, 2, 108.871856, 2
198, 4, 2, 109.563812, 9
199, 3, 2, 107.550890, 14
200, 4, 2, 105.275032, 9
200, 4, 2, 105.275032, 6
201, 3, 2, 106.172150, 1
201, 3, 2, 106.172150, 13
202, 4, 2, 107.980915, 11
202, 4, 2, 107.980915, 6
203, 3, 2, 108.181051, 5
203, 3, 2, 108.181051, 11
204, 3, 2, 108.764722, 9
204, 3, 2, 108.764722, 10
205, 4, 2, 108.973518, 1
205, 4, 2, 108.973518, 9
206, 4, 2, 106.145293, 6
207, 3, 2, 106.360071, 2
208, 3, 2, 108.598241, 5
208, 3, 2, 108.598241, 12
209, 4, 2, 104.957277, 8
209, 4, 2, 104.957277, 12
210, 4, 2, 107.485436, 8
210, 4, 2, 107.485436, 10
211, 4, 2, 104.941433, 10
211, 4, 2, 104.941433, 10
212, 3, 2, 109.142662, 4
213, 4, 2, 104.671805, 9
214, 3, 2, 106.434673, 15
214, 3, 2, 106.434673, 2
215, 4, 2, 109.912291, 4
216, 4, 2, 108.437520, 1
217, 4, 2, 108.252069, 6
217, 4, 2, 108.252069, 2
218, 3, 2, 106.668805, 13
218, 3, 2, 106.668805, 3
219, 4, 2, 106.937056, 11
219, 4, 2, 106.937056, 1
220, 3, 2, 105.902560, 9
220, 3, 2, 105.902560, 7
221, 4, 2, 104.643152, 11
222, 3, 2, 106.390593, 13
222, 3, 2, 106.390593, 7
223, 4, 2, 108.585949, 11
223, 4, 2, 108.585949, 1
224, 4, 2, 106.030824, 14
225, 3, 2, 106.389143, 13
226, 4, 2, 107.598219, 2
227, 3, 2, 108.450250, 4
228, 3, 2, 105.188482, 1
228, 3, 2, 105.188482, 3
229, 3, 2, 104.606127, 15
230, 4, 2, 108.353582, 12
231, 3, 2, 107.608017, 18
232, 4, 2, 104.657550, 8
232, 4, 2, 104.657550, 11
233, 4, 2, 109.688589, 7
234, 3, 2, 107.414327, 16
234, 3, 2, 107.414327, 1
235, 4, 2, 107.144425, 2
236, 4, 2, 106.531658, 9
236, 4, 2, 106.531658, 8
237, 3, 2, 107.571067, 7
238, 4, 2, 109.916412, 1
239, 4, 2, 106.683587, 8
239, 4, 2, 106.683587, 1
240, 4, 2, 108.322695, 2
241, 3, 2, 105.569692, 11
242, 4, 2, 106.805712, 3
243, 3, 2, 106.577919, 12
243, 3, 2, 106.577919, 7
244, 4, 2, 106.713546, 7
244, 4, 2, 106.713546, 9
245, 4, 2, 105.618167, 10
246, 3, 2, 104.685215, 18
246, 3, 2, 104.685215, 2
247, 3, 2, 109.417604, 16
248, 4, 2, 107.933109, 10
248, 4, 2, 107.933109, 10
249, 4, 2, 105.766928, 10
249, 4, 2, 105.766928, 10
250, 4, 2, 105.434567, 1
251, 3, 2, 109.452124, 8
252, 4, 2, 109.610749, 4
253, 4, 2, 105.870406, 4
254, 3, 2, 108.374298, 11
255, 4, 2, 106.424071, 11
255, 4, 2, 106.424071, 1
256, 3, 2, 107.941783, 2
257, 4, 2, 107.985448, 14
258, 3, 2, 106.970509, 9
259, 3, 2, 106.889333, 4
259, 3, 2, 106.889333, 1
260, 3, 2, 106.267128, 13
261, 3, 2, 108.670451, 3
261, 3, 2, 108.670451, 3
262, 4, 2, 104.880419, 4
262, 4, 2, 104.880419, 16
263, 3, 2, 105.500703, 1
264, 4, 2, 109.130344, 4
264, 4, 2, 109.130344, 15
265, 3, 2, 105.267262, 9
266, 3, 2, 106.470922, 3
267, 3, 2, 105.715563, 3
268, 4, 2, 106.168529, 8
269, 3, 2, 106.022570, 14
270, 4, 2, 106.842991, 1
271, 3, 2, 107.731637, 7
271, 3, 2, 107.731637, 11
272, 4, 2, 104.927343, 5
272, 4, 2, 104.927343, 13
273, 4, 2, 107.745280, 7
273, 4, 2, 107.745280, 4
274, 3, 2, 107.255650, 4
274, 3, 2, 107.255650, 7
275, 4, 2, 107.361445, 11
275, 4, 2, 107.361445, 6
276, 3, 2, 106.159423, 3
277, 4, 2, 106.423198, 12
278, 3, 2, 107.672644, 2
279, 4, 2, 108.816820, 10
279, 4, 2, 108.816820, 9
280, 4, 2, 108.713196, 11
280, 4, 2, 108.713196, 1
281, 4, 2, 106.543325, 18
282, 3, 2, 108.323120, 11
283, 3, 2, 109.973344, 3
283, 3, 2, 109.973344, 12
284, 3, 2, 108.445656, 5
285, 4, 2, 107.252455, 8
286, 3, 2, 106.235086, 6
286, 3, 2, 106.235086, 1
287, 4, 2, 108.730123, 1
287, 4, 2, 108.730123, 2
288, 3, 2, 104.534877, 9
288, 3, 2, 104.534877, 9
289, 4, 2, 109.914215, 10
289, 4, 2, 109.914215, 7
290, 4, 2, 104.717998, 4
291, 3, 2, 108.609629, 2
292, 4, 2, 109.512938, 5
293, 3, 2, 106.687854, 2
294, 3, 2, 106.797786, 9
294, 3, 2, 106.797786, 7
295, 4, 2, 109.198369, 12
295, 4, 2, 109.198369, 2
296, 3, 2, 107.340644, 5
296, 3, 2, 107.340644, 2
297, 4, 2, 105.473136, 6
298, 3, 2, 105.781715, 3
299, 3, 2, 109.515790, 9
299, 3, 2, 109.515790, 10
300, 4, 2, 106.786518, 13
300, 4, 2, 106.786518, 5
301, 3, 2, 109.756341, 3
301, 3, 2, 109.756341, 3
302, 4, 2, 107.023601, 8
302, 4, 2, 107.023601, 9
303, 3, 2, 108.374787, 9
304, 4, 2, 107.559487, 3
305, 4, 2, 107.100151, 6
305, 4, 2, 107.100151, 10
306, 4, 2, 109.521277, 10
306, 4, 2, 109.521277, 10
307, 3, 2, 107.300455, 3
308, 4, 2, 107.229926, 9
309, 3, 2, 108.031288, 1
310, 4, 2, 107.488970, 10
310, 4, 2, 107.488970, 2
311, 3, 2, 105.019792, 2
311, 3, 2, 105.019792, 15
312, 3, 2, 107.187255, 5
312, 3, 2, 107.187255, 3
313, 4, 2, 105.851180, 4
314, 3, 2, 106.341290, 1
315, 3, 2, 104.655004, 3
316, 4, 2, 107.223594, 10
317, 4, 2, 109.238688, 2
317, 4, 2, 109.238688, 15
318, 4, 2, 109.424929, 3
319, 3, 2, 106.584033, 14
319, 3, 2, 106.584033, 5
320, 4, 2, 107.544813, 11
321, 3, 2, 104.853682, 12
322, 4, 2, 108.199497, 1
323, 4, 2, 109.922376, 2
323, 4, 2, 109.922376, 6
324, 4, 2, 107.233533, 14
324, 4, 2, 107.233533, 6
325, 3, 2, 106.763212, 6
325, 3, 2, 106.763212, 13
326, 4, 2, 107.033998, 8
327, 3, 2, 107.023684, 7
327, 3, 2, 107.023684, 10
328, 4, 2, 105.350788, 3
328, 4, 2, 105.350788, 6
329, 4, 2, 106.179510, 8
330, 4, 2, 105.140437, 3
330, 4, 2, 105.140437, 4
331, 3, 2, 106.252482, 2
331, 3, 2, 106.252482, 8
332, 3, 2, 106.729522, 12
332, 3, 2, 106.729522, 3
333, 4, 2, 104.912735, 1
334, 3, 2, 107.855463, 1
335, 3, 2, 107.000697, 2
336, 4, 2, 104.639298, 8
337, 4, 2, 108.973411, 9
338, 3, 2, 109.208831, 15
338, 3, 2, 109.208831, 2
339, 4, 2, 106.016929, 5
339, 4, 2, 106.016929, 6
340, 3, 2, 109.770953, 11
341, 4, 2, 104.577947, 14
341, 4, 2, 104.577947, 5
342, 4, 2, 104.887485, 6
343, 3, 2, 106.648508, 5
344, 4, 2, 107.575533, 8
345, 3, 2, 106.578578, 8
346, 4, 2, 104.705100, 9
347, 3, 2, 108.593023, 17
347, 3, 2, 108.593023, 1
348, 4, 2, 108.821300, 3
348, 4, 2, 108.821300, 15
349, 3, 2, 104.880156, 15
350, 4, 2, 109.766516, 5
350, 4, 2, 109.766516, 3
351, 3, 2, 107.098767, 4
352, 4, 2, 108.760609, 9
353, 3, 2, 108.207304, 4
353, 3, 2, 108.207304, 3
354, 4, 2, 105.557098, 13
354, 4, 2, 105.557098, 2
355, 3, 2, 105.120815, 1
356, 4, 2, 109.427156, 3
357, 3, 2, 107.250085, 7
358, 3, 2, 105.893785, 4
358, 3, 2, 105.893785, 13
359, 4, 2, 108.270365, 10
360, 3, 2, 104.573128, 7
360, 3, 2, 104.573128, 3
361, 3, 2, 108.428368, 5
362, 4, 2, 108.230966, 3
363, 3, 2, 105.466586, 17
364, 4, 2, 106.128849, 13
365, 3, 2, 109.234655, 7
365, 3, 2, 109.234655, 3
366, 4, 2, 105.178567, 13
366, 4, 2, 105.178567, 7
367, 3, 2, 104.519499, 3
367, 3, 2, 104.519499, 5
368, 3, 2, 108.981877, 9
369, 4, 2, 105.472325, 14
369, 4, 2, 105.472325, 3
370, 3, 2, 107.566878, 9
371, 4, 2, 108.879889, 13
371, 4, 2, 108.879889, 1
372, 3, 2, 109.628898, 5
372, 3, 2, 109.628898, 3
373, 4, 2, 106.671879, 10
373, 4, 2, 106.671879, 9
374, 3, 2, 104.506649, 5
375, 3, 2, 108.163514, 8
375, 3, 2, 108.163514, 11
376, 4, 2, 105.851120, 1
376, 4, 2, 105.851120, 3
377, 4, 2, 107.907310, 4
378, 4, 2, 107.065716, 5
378, 4, 2, 107.065716, 4
379, 3, 2, 105.898442, 3
380, 3, 2, 104.855253, 3
381, 3, 2, 109.938876, 3
382, 3, 2, 104.541988, 1
382, 3, 2, 104.541988, 2
383, 4, 2, 106.524517, 5
383, 4, 2, 106.524517, 9
384, 3, 2, 107.061615, 6
385, 4, 2, 107.537283, 11
385, 4, 2, 107.537283, 6
386, 4, 2, 104.510505, 14
386, 4, 2, 104.510505, 2
387, 3, 2, 108.693920, 9
387, 3, 2, 108.693920, 2
388, 4, 2, 104.650910, 3
388, 4, 2, 104.650910, 17
389, 3, 2, 105.369940, 8
389, 3, 2, 105.369940, 12
390, 3, 2, 109.820722, 7
391, 4, 2, 108.123105, 13
392, 3, 2, 107.326695, 6
393, 4, 2, 108.522150, 16
394, 3, 2, 106.593795, 4
395, 4, 2, 108.566359, 1
396, 3, 2, 109.908162, 3
397, 4, 2, 106.427711, 8
397, 4, 2, 106.427711, 3
398, 3, 2, 109.019745, 3
399, 3, 2, 106.005855, 2
400, 3, 2, 107.769363, 13
400, 3, 2, 107.769363, 3
401, 4, 2, 105.656919, 6
401, 4, 2, 105.656919, 6
402, 3, 2, 105.336637, 6
403, 4, 2, 104.804912, 2
404, 3, 2, 105.814380, 7
404, 3, 2, 105.814380, 5
405, 4, 2, 109.345545, 9
405, 4, 2, 109.345545, 9
406, 3, 2, 106.593411, 11
406, 3, 2, 106.593411, 2
407, 3, 2, 107.683798, 14
408, 4, 2, 107.297848, 17
408, 4, 2, 107.297848, 3
409, 4, 2, 105.902163, 15
410, 4, 2, 105.409347, 1
410, 4, 2, 105.409347, 7
411, 3, 2, 105.103266, 4
411, 3, 2, 105.103266, 11
412, 4, 2, 104.999883, 2
412, 4, 2, 104.999883, 1
413, 4, 2, 108.230056, 19
414, 3, 2, 106.322108, 11
414, 3, 2, 106.322108, 1
415, 4, 2, 105.560081, 14
416, 3, 2, 104.748921, 6
417, 3, 2, 109.561239, 10
417, 3, 2, 109.561239, 3
418, 3, 2, 109.201105, 17
419, 4, 2, 104.639462, 5
419, 4, 2, 104.639462, 5
420, 4, 2, 107.060979, 12
421, 3, 2, 105.076149, 16
422, 4, 2, 106.065878, 2
423, 3, 2, 105.341397, 12
424, 4, 2, 105.974748, 3
425, 3, 2, 107.136145, 17
426, 4, 2, 105.289876, 6
426, 4, 2, 105.289876, 10
427, 4, 2, 106.034626, 2
428, 3, 2, 104.686361, 9
428, 3, 2, 104.686361, 8
429, 4, 2, 108.077458, 4
429, 4, 2, 108.077458, 1
430, 4, 2, 109.838437, 3
431, 4, 2, 108.435830, 2
432, 3, 2, 106.355275, 13
432, 3, 2, 106.355275, 1
433, 3, 2, 106.596185, 14
434, 4, 2, 109.282911, 12
435, 4, 2, 106.122967, 1
435, 4, 2, 106.122967, 8
436, 4, 2, 106.269274, 12
436, 4, 2, 106.269274, 2
437, 3, 2, 106.530710, 1
438, 4, 2, 107.230077, 9
439, 3, 2, 106.287579, 3
440, 4, 2, 106.327308, 5
441, 4, 2, 107.997243, 4
441, 4, 2, 107.997243, 11
442, 3, 2, 109.636409, 6
442, 3, 2, 109.636409, 9
443, 4, 2, 106.592895, 3
443, 4, 2, 106.592895, 11
444, 4, 2, 105.761739, 9
444, 4, 2, 105.761739, 3
445, 3, 2, 109.248811, 10
445, 3, 2, 109.248811, 6
446, 4, 2, 105.368286, 7
446, 4, 2, 105.368286, 6
447, 4, 2, 108.735367, 10
448, 3, 2, 107.921268, 14
449, 4, 2, 106.340010, 7
450, 3, 2, 109.547510, 10
450, 3, 2, 109.547510, 7
451, 4, 2, 107.833018, 7
452, 3, 2, 105.243634, 5
452, 3, 2, 105.243634, 12
453, 4, 2, 108.585601, 9
453, 4, 2, 108.585601, 5
454, 4, 2, 105.343508, 2
455, 4, 2, 109.649243, 10
455, 4, 2, 109.649243, 7
456, 3, 2, 108.892216, 13
456, 3, 2, 108.892216, 6
457, 4, 2, 108.774007, 5
457, 4, 2, 108.774007, 13
458, 3, 2, 105.764087, 1
459, 4, 2, 105.663477, 4
460, 3, 2, 109.551101, 7
461, 4, 2, 104.710673, 9
462, 3, 2, 107.041250, 7
462, 3, 2, 107.041250, 5
463, 4, 2, 106.781051, 1
463, 4, 2, 106.781051, 15
464, 3, 2, 108.519968, 3
465, 3, 2, 107.411799, 8
466, 3, 2, 105.853508, 5
467, 4, 2, 106.092308, 9
468, 3, 2, 109.704408, 10
468, 3, 2, 109.704408, 2
469, 3, 2, 108.975081, 18
469, 3, 2, 108.975081, 1
470, 4, 2, 109.851650, 5
470, 4, 2, 109.851650, 7
471, 3, 2, 106.532118, 11
471, 3, 2, 106.532118, 9
472, 3, 2, 105.890217, 1
473, 4, 2, 108.193612, 13
474, 3, 2, 107.810106, 9
475, 4, 2, 106.935099, 1
476, 4, 2, 104.822965, 13
476, 4, 2, 104.822965, 1
477, 3, 2, 108.091643, 14
477, 3, 2, 108.091643, 1
478, 3, 2, 108.331236, 1
479, 4, 2, 107.997972, 16
480, 3, 2, 109.693112, 15
481, 4, 2, 105.880103, 8
481, 4, 2, 105.880103, 11
482, 3, 2, 106.263021, 1
482, 3, 2, 106.263021, 11
483, 4, 2, 105.367757, 6
483, 4, 2, 105.367757, 7
484, 4, 2, 107.412964, 13
485, 3, 2, 106.066105, 6
485, 3, 2, 106.066105, 1
486, 4, 2, 106.852403, 2
486, 4, 2, 106.852403, 8
487, 3, 2, 107.157626, 18
487, 3, 2, 107.157626, 2
488, 4, 2, 104.698891, 9
489, 3, 2, 106.666501, 15
490, 4, 2, 104.514308, 11
490, 4, 2, 104.514308, 3
491, 3, 2, 108.020781, 1
492, 4, 2, 106.340954, 10
493, 3, 2, 109.085278, 1
494, 3, 2, 106.960931, 11
495, 3, 2, 104.609995, 1
495, 3, 2, 104.609995, 8
496, 4, 2, 105.161757, 7
496, 4, 2, 105.161757, 8
497, 4, 2, 104.655547, 1
498, 3, 2, 107.124959, 8
499, 3, 2, 106.109118, 3
499, 3, 2, 106.109118, 13
500, 4, 2, 107.276737, 5
500, 4, 2, 107.276737, 9
501, 4, 2, 104.632997, 10
502, 3, 2, 109.611125, 7
503, 4, 2, 107.910973, 11
504, 3, 2, 109.584387, 8
504, 3, 2, 109.584387, 1
505, 4, 2, 109.031494, 15
506, 3, 2, 105.075993, 1
507, 3, 2, 108.109476, 8
508, 3, 2, 105.603131, 6
509, 3, 2, 108.515993, 5
510, 3, 2, 107.855216, 3
511, 4, 2, 107.392429, 6
512, 3, 2, 107.881021, 7
513, 4, 2, 109.268718, 10
513, 4, 2, 109.268718, 2
514, 4, 2, 109.803091, 18
514, 4, 2, 109.803091, 2
515, 3, 2, 109.895938, 9
515, 3, 2, 109.895938, 2
516, 4, 2, 108.702295, 14
516, 4, 2, 108.702295, 4
517, 3, 2, 105.076052, 15
518, 4, 2, 105.805050, 6
519, 3, 2, 107.092806, 1
519, 3, 2, 107.092806, 7
520, 4, 2, 107.457960, 5
520, 4, 2, 107.457960, 6
521, 3, 2, 109.435750, 3
521, 3, 2, 109.435750, 10
522, 4, 2, 107.235760, 6
522, 4, 2, 107.235760, 9
523, 3, 2, 105.578207, 4
523, 3, 2, 105.578207, 5
524, 3, 2, 105.274307, 3
525, 4, 2, 105.948890, 1
526, 4, 2, 109.730033, 1
526, 4, 2, 109.730033, 7
527, 3, 2, 108.720037, 5
527, 3, 2, 108.720037, 10
528, 4, 2, 109.066751, 11
528, 4, 2, 109.066751, 3
529, 3, 2, 106.521083, 4
529, 3, 2, 106.521083, 13
530, 3, 2, 106.125641, 2
531, 4, 2, 109.821795, 17
531, 4, 2, 109.821795, 2
532, 3, 2, 107.941753, 13
532, 3, 2, 107.941753, 6
533, 3, 2, 109.067878, 14
533, 3, 2, 109.067878, 1
534, 3, 2, 106.038397, 11
535, 4, 2, 108.396795, 7
536, 4, 2, 105.167130, 5
536, 4, 2, 105.167130, 15
537, 3, 2, 105.408375, 3
538, 3, 2, 108.962000, 3
538, 3, 2, 108.962000, 6
539, 3, 2, 104.885579, 4
540, 4, 2, 109.731926, 16
540, 4, 2, 109.731926, 4
541, 4, 2, 108.506180, 15
542, 3, 2, 108.372555, 12
542, 3, 2, 108.372555, 2
543, 3, 2, 108.033484, 3
544, 4, 2, 104.589134, 3
545, 4, 2, 105.811660, 6
546, 3, 2, 109.044944, 13
547, 4, 2, 109.470121, 4
548, 4, 2, 104.768596, 7
549, 4, 2, 105.617189, 5
549, 4, 2, 105.617189, 8
550, 4, 2, 107.022333, 12
550, 4, 2, 107.022333, 4
551, 3, 2, 108.831579, 10
552, 4, 2, 109.270584, 1
553, 3, 2, 109.092856, 8
554, 4, 2, 106.226822, 2
554, 4, 2, 106.226822, 12
555, 3, 2, 105.357015, 13
555, 3, 2, 105.357015, 7
556, 4, 2, 105.263251, 2
556, 4, 2, 105.263251, 11
557, 4, 2, 104.831694, 9
558, 3, 2, 106.272876, 13
558, 3, 2, 106.272876, 2
559, 4, 2, 105.023661, 2
560, 3, 2, 105.866412, 12
561, 3, 2, 109.718846, 1
561, 3, 2, 109.718846, 10
562, 4, 2, 104.989514, 2
563, 3, 2, 105.142946, 1
564, 3, 2, 107.205020, 7
565, 4, 2, 108.128292, 14
566, 3, 2, 108.231961, 5
566, 3, 2, 108.231961, 10
567, 4, 2, 106.157905, 3
568, 3, 2, 107.778108, 10
568, 3, 2, 107.778108, 2
569, 4, 2, 106.028196, 8
569, 4, 2, 106.028196, 2
570, 3, 2, 109.157798, 2
570, 3, 2, 109.157798, 1
571, 4, 2, 104.654651, 12
572, 4, 2, 109.350821, 18
573, 3, 2, 107.849832, 2
574, 3, 2, 109.227900, 3
575, 3, 2, 106.744693, 2
575, 3, 2, 106.744693, 13
576, 4, 2, 108.984565, 3
577, 3, 2, 105.217120, 2
578, 4, 2, 107.669005, 8
578, 4, 2, 107.669005, 8
579, 4, 2, 105.571422, 12
579, 4, 2, 105.571422, 7
580, 4, 2, 107.681588, 13
580, 4, 2, 107.681588, 5
581, 3, 2, 106.380538, 10
582, 4, 2, 106.143601, 15
582, 4, 2, 106.143601, 5
583, 4, 2, 105.495206, 15
584, 3, 2, 108.625809, 6
585, 3, 2, 107.470112, 5
585, 3, 2, 107.470112, 9
586, 4, 2, 109.923825, 7
586, 4, 2, 109.923825, 2
587, 4, 2, 108.195816, 2
588, 3, 2, 107.507074, 18
589, 3, 2, 106.440155, 8
590, 4, 2, 104.744521, 17
591, 3, 2, 106.691026, 6
592, 4, 2, 106.700361, 9
593, 4, 2, 107.871239, 3
593, 4, 2, 107.871239, 12
594, 3, 2, 107.059522, 8
594, 3, 2, 107.059522, 9
595, 3, 2, 109.923156, 2
596, 4, 2, 104.701897, 3
597, 3, 2, 105.610065, 4
598, 4, 2, 105.123743, 12
598, 4, 2, 105.123743, 8
599, 3, 2, 109.752752, 9
599, 3, 2, 109.752752, 9
600, 4, 2, 108.987827, 11
600, 4, 2, 108.987827, 2
601, 4, 2, 104.869902, 13
602, 3, 2, 106.332943, 12
603, 4, 2, 109.586754, 17
603, 4, 2, 109.586754, 1
604, 3, 2, 105.128825, 6
604, 3, 2, 105.128825, 7
605, 4, 2, 105.690870, 15
606, 3, 2, 105.137646, 1
606, 3, 2, 105.137646, 9
607, 4, 2, 105.073236, 16
607, 4, 2, 105.073236, 3
608, 4, 2, 108.550113, 17
608, 4, 2, 108.550113, 3
609, 3, 2, 108.808366, 3
609, 3, 2, 108.808366, 2
610, 4, 2, 104.888810, 6
610, 4, 2, 104.888810, 4
611, 3, 2, 104.561323, 4
611, 3, 2, 104.561323, 16
612, 4, 2, 108.294387, 3
612, 4, 2, 108.294387, 11
613, 4, 2, 109.019931, 9
613, 4, 2, 109.019931, 10
614, 3, 2, 104.607520, 1
615, 4, 2, 108.023714, 7
616, 3, 2, 107.533296, 3
617, 3, 2, 105.344279, 9
617, 3, 2, 105.344279, 3
618, 3, 2, 104.545010, 12
619, 4, 2, 105.071360, 6
619, 4, 2, 105.071360, 11
620, 3, 2, 105.672777, 13
620, 3, 2, 105.672777, 5
621, 3, 2, 104.949061, 4
622, 3, 2, 104.897350, 4
622, 3, 2, 104.897350, 7
623, 4, 2, 109.077591, 6
623, 4, 2, 109.077591, 9
624, 4, 2, 107.088599, 9
625, 3, 2, 107.779747, 10
626, 4, 2, 108.074991, 3
627, 3, 2, 106.938148, 13
627, 3, 2, 106.938148, 1
628, 4, 2, 109.831078, 5
629, 3, 2, 106.445679, 18
630, 4, 2, 107.699709, 9
631, 3, 2, 107.084484, 3
631, 3, 2, 107.084484, 9
632, 3, 2, 107.066493, 11
632, 3, 2, 107.066493, 7
633, 3, 2, 108.102812, 8
634, 4, 2, 107.871636, 11
635, 4, 2, 107.799699, 5
635, 4, 2, 107.799699, 12
636, 4, 2, 109.270634, 8
636, 4, 2, 109.270634, 10
637, 3, 2, 105.181894, 5
638, 3, 2, 109.714995, 5
638, 3, 2, 109.714995, 9
639, 4, 2, 107.028288, 6
640, 3, 2, 107.481227, 11
640, 3, 2, 107.481227, 1
641, 4, 2, 104.809657, 4
642, 4, 2, 107.027221, 1
643, 3, 2, 108.546877, 19
643, 3, 2, 108.546877, 1
644, 4, 2, 108.969194, 9
644, 4, 2, 108.969194, 10
645, 3, 2, 109.817364, 6
645, 3, 2, 109.817364, 13
646, 4, 2, 106.885606, 7
646, 4, 2, 106.885606, 12
647, 4, 2, 104.708179, 6
648, 3, 2, 107.209963, 3
649, 3, 2, 107.417953, 1
649, 3, 2, 107.417953, 15
650, 4, 2, 107.372752, 6
650, 4, 2, 107.372752, 9
651, 4, 2, 108.453232, 2
652, 3, 2, 105.109655, 13
653, 4, 2, 108.363852, 3
654, 4, 2, 109.993241, 6
655, 3, 2, 104.537587, 7
655, 3, 2, 104.537587, 10
656, 3, 2, 108.794097, 10
656, 3, 2, 108.794097, 8
657, 4, 2, 105.571916, 1
657, 4, 2, 105.571916, 12
658, 3, 2, 109.010163, 4
659, 4, 2, 106.641781, 3
660, 3, 2, 105.789341, 10
660, 3, 2, 105.789341, 1
661, 3, 2, 108.724611, 8
662, 4, 2, 104.687817, 4
663, 3, 2, 108.111033, 4
664, 4, 2, 106.657128, 11
664, 4, 2, 106.657128, 6
665, 4, 2, 105.098310, 11
666, 3, 2, 105.626664, 18
666, 3, 2, 105.626664, 2
667, 4, 2, 108.567383, 10
667, 4, 2, 108.567383, 3
668, 3, 2, 108.083704, 1
668, 3, 2, 108.083704, 14
669, 4, 2, 105.835520, 8
670, 3, 2, 106.353968, 6
670, 3, 2, 106.353968, 1
671, 3, 2, 106.816350, 17
672, 4, 2, 108.936281, 7
673, 4, 2, 106.437566, 3
673, 4, 2, 106.437566, 1
674, 3, 2, 107.527327, 3
674, 3, 2, 107.527327, 9
675, 4, 2, 106.624898, 5
675, 4, 2, 106.624898, 3
676, 4, 2, 108.730045, 3
677, 3, 2, 107.205259, 14
678, 4, 2, 109.065937, 18
679, 3, 2, 105.853982, 10
679, 3, 2, 105.853982, 1
680, 4, 2, 106.022081, 2
681, 3, 2, 106.210945, 2
682, 3, 2, 107.651246, 9
682, 3, 2, 107.651246, 9
683, 3, 2, 104.855923, 8
684, 4, 2, 106.262798, 9
684, 4, 2, 106.262798, 5
685, 3, 2, 107.465442, 11
685, 3, 2, 107.465442, 7
686, 4, 2, 106.279056, 5
687, 3, 2, 108.143115, 13
688, 4, 2, 105.651490, 8
688, 4, 2, 105.651490, 1
689, 3, 2, 107.460073, 13
690, 4, 2, 109.402346, 17
691, 3, 2, 106.414905, 9
691, 3, 2, 106.414905, 10
692, 3, 2, 107.007213, 10
692, 3, 2, 107.007213, 4
693, 4, 2, 105.828931, 9
693, 4, 2, 105.828931, 11
694, 4, 2, 108.696130, 1
695, 4, 2, 105.016448, 2
695, 4, 2, 105.016448, 8
696, 3, 2, 109.786716, 8
696, 3, 2, 109.786716, 2
697, 4, 2, 106.378129, 2
697, 4, 2, 106.378129, 11
698, 3, 2, 108.863463, 6
699, 4, 2, 106.266029, 8
700, 3, 2, 106.240928, 9
700, 3, 2, 106.240928, 7
701, 4, 2, 104.953594, 1
701, 4, 2, 104.953594, 17
702, 3, 2, 107.467082, 3
703, 4, 2, 108.508400, 3
703, 4, 2, 108.508400, 6
704, 3, 2, 105.048099, 7
704, 3, 2, 105.048099, 9
705, 4, 2, 106.226194, 11
705, 4, 2, 106.226194, 3
706, 4, 2, 109.474783, 10
707, 4, 2, 107.258095, 1
707, 4, 2, 107.258095, 2
708, 3, 2, 105.062083, 6
709, 4, 2, 107.190282, 9
710, 4, 2, 109.291816, 3
711, 4, 2, 109.471258, 20
712, 4, 2, 109.018652, 20
713, 4, 2, 105.068242, 8
714, 4, 2, 106.513560, 2
714, 4, 2, 106.513560, 12
715, 4, 2, 106.720908, 8
715, 4, 2, 106.720908, 6
716, 3, 2, 109.287702, 11
716, 3, 2, 109.287702, 7
717, 4, 2, 106.992634, 2
718, 3, 2, 107.333758, 13
718, 3, 2, 107.333758, 2
719, 3, 2, 108.242094, 10
720, 4, 2, 109.283561, 10
721, 4, 2, 107.499046, 5
721, 4, 2, 107.499046, 10
722, 3, 2, 109.563729, 6
722, 3, 2, 109.563729, 4
723, 4, 2, 108.490984, 3
724, 4, 2, 104.525310, 5
724, 4, 2, 104.525310, 6
725, 3, 2, 109.151240, 3
725, 3, 2, 109.151240, 11
726, 3, 2, 109.871152, 9
726, 3, 2, 109.871152, 5
727, 4, 2, 108.565872, 5
727, 4, 2, 108.565872, 8
728, 4, 2, 107.862979, 12
728, 4, 2, 107.862979, 7
729, 3, 2, 104.836968, 7
730, 4, 2, 106.797807, 7
731, 3, 2, 107.301205, 8
731, 3, 2, 107.301205, 12
732, 4, 2, 105.509385, 3
732, 4, 2, 105.509385, 15
733, 4, 2, 106.618610, 5
733, 4, 2, 106.618610, 4
734, 3, 2, 105.839334, 6
734, 3, 2, 105.839334, 3
735, 4, 2, 107.201536, 2
736, 3, 2, 109.121249, 8
737, 4, 2, 105.719372, 13
737, 4, 2, 105.719372, 5
738, 4, 2, 105.642761, 15
738, 4, 2, 105.642761, 3
739, 3, 2, 105.747063, 1
740, 4, 2, 105.278928, 5
741, 4, 2, 104.577925, 3
741, 4, 2, 104.577925, 16
742, 3, 2, 106.512631, 8
742, 3, 2, 106.512631, 1
743, 3, 2, 106.504767, 8
744, 3, 2, 105.399555, 5
745, 3, 2, 105.825041, 3
746, 3, 2, 106.041298, 7
746, 3, 2, 106.041298, 4
747, 4, 2, 105.170436, 1
747, 4, 2, 105.170436, 15
748, 3, 2, 106.416924, 6
748, 3, 2, 106.416924, 8
749, 3, 2, 106.957190, 10
750, 4, 2, 104.828896, 8
751, 4, 2, 106.521478, 8
751, 4, 2, 106.521478, 9
752, 4, 2, 107.040559, 9
753, 3, 2, 106.745408, 5
754, 4, 2, 107.688473, 3
754, 4, 2, 107.688473, 13
755, 4, 2, 107.450888, 7
755, 4, 2, 107.450888, 9
756, 3, 2, 107.047615, 2
756, 3, 2, 107.047615, 12
757, 3, 2, 105.094583, 2
758, 3, 2, 104.629815, 1
758, 3, 2, 104.629815, 16
759, 3, 2, 107.177506, 4
759, 3, 2, 107.177506, 8
760, 4, 2, 107.877474, 10
760, 4, 2, 107.877474, 5
761, 3, 2, 106.897974, 3
761, 3, 2, 106.897974, 17
762, 3, 2, 109.601176, 3
762, 3, 2, 109.601176, 13
763, 4, 2, 105.849187, 6
764, 3, 2, 106.328580, 5
765, 4, 2, 109.015294, 5
765, 4, 2, 109.015294, 13
766, 3, 2, 107.817099, 8
766, 3, 2, 107.817099, 10
767, 3, 2, 107.023336, 10
768, 4, 2, 107.844840, 4
769, 4, 2, 109.744627, 3
769, 4, 2, 109.744627, 12
770, 3, 2, 107.512528, 9
771, 4, 2, 104.537360, 8
771, 4, 2, 104.537360, 12
772, 3, 2, 105.246010, 12
772, 3, 2, 105.246010, 6
773, 3, 2, 106.769091, 8
774, 4, 2, 107.798544, 10
774, 4, 2, 107.798544, 2
775, 3, 2, 108.600095, 2
775, 3, 2, 108.600095, 14
776, 4, 2, 104.523199, 6
777, 4, 2, 107.406357, 2
777, 4, 2, 107.406357, 8
778, 4, 2, 107.756629, 12
778, 4, 2, 107.756629, 6
779, 3, 2, 107.273566, 2
780, 3, 2, 108.486509, 1
780, 3, 2, 108.486509, 16
781, 3, 2, 108.393879, 4
781, 3, 2, 108.393879, 14
782, 3, 2, 105.034600, 6
782, 3, 2, 105.034600, 6
783, 4, 2, 107.424063, 14
783, 4, 2, 107.424063, 4
784, 3, 2, 105.962090, 4
785, 4, 2, 105.498439, 16
786, 3, 2, 105.547905, 11
787, 4, 2, 109.217913, 13
788, 4, 2, 108.601490, 1
789, 3, 2, 106.164830, 7
790, 4, 2, 109.004760, 18
791, 3, 2, 107.565551, 4
792, 4, 2, 109.087849, 8
793, 3, 2, 107.203647, 13
793, 3, 2, 107.203647, 4
794, 4, 2, 108.900730, 6
794, 4, 2, 108.900730, 9
795, 3, 2, 107.469985, 1
796, 4, 2, 104.841793, 9
797, 3, 2, 109.858470, 4
797, 3, 2, 109.858470, 13
798, 4, 2, 105.080921, 4
799, 3, 2, 109.304989, 7
799, 3, 2, 109.304989, 3
800, 3, 2, 105.437558, 8
801, 4, 2, 106.660978, 6
802, 3, 2, 105.435399, 9
802, 3, 2, 105.435399, 1
803, 3, 2, 109.324029, 19
803, 3, 2, 109.324029, 1
804, 4, 2, 104.649112, 3
804, 4, 2, 104.649112, 1
805, 3, 2, 108.921964, 18
805, 3, 2, 108.921964, 1
806, 3, 2, 107.293518, 3
807, 3, 2, 108.115924, 9
808, 3, 2, 104.658572, 17
809, 4, 2, 109.956905, 12
810, 3, 2, 104.607064, 4
810, 3, 2, 104.607064, 6
811, 4, 2, 109.061053, 5
812, 4, 2, 109.166554, 2
812, 4, 2, 109.166554, 15
813, 3, 2, 108.761684, 7
813, 3, 2, 108.761684, 13
814, 3, 2, 109.738761, 7
815, 4, 2, 107.905590, 5
815, 4, 2, 107.905590, 7
816, 3, 2, 109.930738, 8
816, 3, 2, 109.930738, 3
817, 4, 2, 107.923201, 4
817, 4, 2, 107.923201, 2
818, 3, 2, 106.692938, 15
818, 3, 2, 106.692938, 5
819, 3, 2, 105.537083, 15
819, 3, 2, 105.537083, 5
820, 4, 2, 109.796011, 1
821, 4, 2, 106.607039, 4
821, 4, 2, 106.607039, 7
822, 4, 2, 106.281507, 7
823, 4, 2, 104.963125, 2
824, 3, 2, 108.673715, 4
825, 4, 2, 109.526408, 7
825, 4, 2, 109.526408, 10
826, 3, 2, 109.164456, 5
827, 4, 2, 104.727806, 2
828, 3, 2, 107.429301, 11
829, 4, 2, 104.515020, 9
829, 4, 2, 104.515020, 2
830, 3, 2, 105.950329, 4
830, 3, 2, 105.950329, 12
831, 4, 2, 109.928738, 1
831, 4, 2, 109.928738, 7
832, 4, 2, 106.720635, 13
832, 4, 2, 106.720635, 4
833, 4, 2, 109.778698, 16
833, 4, 2, 109.778698, 3
834, 3, 2, 104.839840, 8
835, 4, 2, 107.200387, 6
836, 4, 2, 107.809101, 4
837, 4, 2, 106.949169, 1
837, 4, 2, 106.949169, 1
838, 3, 2, 108.992586, 7
839, 4, 2, 107.868314, 9
840, 4, 2, 109.448475, 1
840, 4, 2, 109.448475, 8
841, 3, 2, 109.028032, 15
841, 3, 2, 109.028032, 1
842, 4, 2, 104.582048, 11
842, 4, 2, 104.582048, 1
843, 3, 2, 107.586064, 1
843, 3, 2, 107.586064, 3
844, 4, 2, 109.865688, 2
845, 3, 2, 105.184172, 17
846, 4, 2, 108.296266, 4
846, 4, 2, 108.296266, 10
847, 3, 2, 104.558911, 13
848, 4, 2, 107.153918, 1
849, 4, 2, 108.381388, 3
849, 4, 2, 108.381388, 16
850, 3, 2, 104.533956, 4
850, 3, 2, 104.533956, 15
851, 3, 2, 107.714141, 5
851, 3, 2, 107.714141, 12
852, 3, 2, 109.769377, 8
852, 3, 2, 109.769377, 10
853, 4, 2, 105.075519, 3
854, 4, 2, 105.850838, 2
854, 4, 2, 105.850838, 17
855, 3, 2, 106.579423, 3
855, 3, 2, 106.579423, 16
856, 3, 2, 107.934454, 4
856, 3, 2, 107.934454, 12
857, 4, 2, 109.439587, 3
857, 4, 2, 109.439587, 12
858, 4, 2, 107.307737, 4
859, 3, 2, 107.703631, 1
860, 3, 2, 108.866949, 5
860, 3, 2, 108.866949, 13
861, 4, 2, 105.263610, 8
862, 4, 2, 107.522693, 2
862, 4, 2, 107.522693, 9
863, 4, 2, 109.281862, 7
864, 3, 2, 107.037923, 5
865, 3, 2, 106.725963, 1
865, 3, 2, 106.725963, 15
866, 4, 2, 108.998397, 1
866, 4, 2, 108.998397, 17
867, 3, 2, 106.234153, 2
867, 3, 2, 106.234153, 18
868, 3, 2, 109.311338, 2
868, 3, 2, 109.311338, 13
869, 4, 2, 108.560374, 3
869, 4, 2, 108.560374, 9
870, 4, 2, 106.717137, 11
870, 4, 2, 106.717137, 9
871, 3, 2, 106.115959, 9
871, 3, 2, 106.115959, 10
872, 3, 2, 105.499439, 1
873, 4, 2, 107.717716, 15
874, 4, 2, 107.629905, 1
875, 3, 2, 107.584634, 3
875, 3, 2, 107.584634, 1
876, 4, 2, 108.914465, 7
876, 4, 2, 108.914465, 10
877, 3, 2, 109.374768, 4
878, 4, 2, 106.646750, 8
879, 3, 2, 108.217079, 2
879, 3, 2, 108.217079, 16
880, 4, 2, 107.988889, 1
880, 4, 2, 107.988889, 4
881, 4, 2, 105.859186, 2
882, 3, 2, 106.297543, 12
882, 3, 2, 106.297543, 3
883, 4, 2, 106.983493, 5
883, 4, 2, 106.983493, 15
884, 3, 2, 105.849897, 6
885, 4, 2, 109.607514, 5
885, 4, 2, 109.607514, 11
886, 3, 2, 106.144035, 1
886, 3, 2, 106.144035, 11
887, 4, 2, 104.569796, 7
888, 3, 2, 108.643375, 7
889, 4, 2, 107.441517, 14
889, 4, 2, 107.441517, 6
890, 4, 2, 107.015410, 8
891, 3, 2, 109.275743, 14
891, 3, 2, 109.275743, 2
892, 3, 2, 109.184456, 3
893, 3, 2, 106.938793, 12
893, 3, 2, 106.938793, 5
894, 4, 2, 105.469876, 2
894, 4, 2, 105.469876, 2
895, 3, 2, 105.013356, 2
895, 3, 2, 105.013356, 8
896, 4, 2, 106.488050, 7
897, 3, 2, 109.125571, 3
898, 4, 2, 109.183001, 12
899, 3, 2, 107.950962, 4
900, 3, 2, 108.697205, 7
900, 3, 2, 108.697205, 1
901, 3, 2, 106.932508, 13
902, 3, 2, 108.075880, 5
902, 3, 2, 108.075880, 2
903, 4, 2, 108.665146, 2
903, 4, 2, 108.665146, 9
904, 3, 2, 106.586944, 4
905, 4, 2, 106.485973, 11
905, 4, 2, 106.485973, 5
906, 3, 2, 106.386926, 14
906, 3, 2, 106.386926, 5
907, 4, 2, 106.186559, 12
907, 4, 2, 106.186559, 5
908, 3, 2, 104.870509, 3
909, 4, 2, 108.202652, 3
909, 4, 2, 108.202652, 12
910, 3, 2, 108.027552, 4
910, 3, 2, 108.027552, 2
911, 3, 2, 105.979284, 18
912, 3, 2, 105.000423, 12
913, 3, 2, 109.066055, 5
913, 3, 2, 109.066055, 10
914, 4, 2, 105.133232, 4
914, 4, 2, 105.133232, 2
915, 4, 2, 104.879232, 15
916, 3, 2, 104.589220, 11
916, 3, 2, 104.589220, 6
917, 4, 2, 107.316675, 7
917, 4, 2, 107.316675, 6
918, 3, 2, 104.828295, 6
918, 3, 2, 104.828295, 3
919, 4, 2, 107.618651, 4
920, 3, 2, 105.010237, 9
920, 3, 2, 105.010237, 8
921, 4, 2, 107.222427, 6
921, 4, 2, 107.222427, 1
922, 4, 2, 108.643617, 15
923, 3, 2, 108.845671, 4
924, 3, 2, 108.068014, 2
924, 3, 2, 108.068014, 16
925, 4, 2, 105.502294, 8
925, 4, 2, 105.502294, 3
926, 4, 2, 106.628574, 15
927, 3, 2, 105.350815, 7
928, 4, 2, 105.281996, 12
929, 3, 2, 109.755800, 3
929, 3, 2, 109.755800, 1
930, 4, 2, 109.586264, 3
930, 4, 2, 109.586264, 17
931, 3, 2, 107.759568, 2
931, 3, 2, 107.759568, 10
932, 3, 2, 104.611624, 10
932, 3, 2, 104.611624, 2
933, 4, 2, 107.341514, 16
933, 4, 2, 107.341514, 1
934, 3, 2, 109.224074, 5
934, 3, 2, 109.224074, 4
935, 4, 2, 106.952763, 8
936, 3, 2, 106.464003, 2
937, 3, 2, 107.741919, 7
937, 3, 2, 107.741919, 4
938, 3, 2, 109.692660, 9
939, 3, 2, 105.931110, 1
939, 3, 2, 105.931110, 2
940, 4, 2, 105.262161, 8
940, 4, 2, 105.262161, 9
941, 3, 2, 109.149272, 15
941, 3, 2, 109.149272, 5
942, 3, 2, 107.720372, 6
943, 3, 2, 108.323987, 1
943, 3, 2, 108.323987, 7
944, 4, 2, 106.658929, 13
945, 4, 2, 105.940176, 1
945, 4, 2, 105.940176, 15
946, 4, 2, 106.441997, 5
946, 4, 2, 106.441997, 7
947, 3, 2, 106.591549, 11
947, 3, 2, 106.591549, 9
948, 4, 2, 107.622203, 5
948, 4, 2, 107.622203, 13
949, 3, 2, 107.976914, 6
950, 4, 2, 105.001299, 6
950, 4, 2, 105.001299, 8
951, 3, 2, 108.295915, 8
952, 3, 2, 109.059338, 4
952, 3, 2, 109.059338, 8
953, 4, 2, 108.077341, 10
953, 4, 2, 108.077341, 7
954, 4, 2, 106.653510, 5
955, 4, 2, 109.844087, 5
956, 3, 2, 105.364951, 7
956, 3, 2, 105.364951, 8
957, 4, 2, 104.786345, 7
958, 4, 2, 107.602633, 8
959, 3, 2, 109.508554, 12
959, 3, 2, 109.508554, 5
960, 3, 2, 104.914682, 2
961, 3, 2, 105.827585, 9
961, 3, 2, 105.827585, 2
962, 3, 2, 108.296938, 16
963, 4, 2, 107.505106, 10
964, 4, 2, 104.965693, 5
965, 4, 2, 105.872351, 1
965, 4, 2, 105.872351, 3
966, 3, 2, 105.555834, 4
966, 3, 2, 105.555834, 1
967, 4, 2, 105.081827, 3
967, 4, 2, 105.081827, 16
968, 3, 2, 104.525763, 8
969, 4, 2, 106.603078, 1
970, 3, 2, 106.163999, 5
971, 4, 2, 109.002604, 2
971, 4, 2, 109.002604, 14
972, 3, 2, 106.750916, 7
973, 3, 2, 108.978096, 18
974, 4, 2, 106.732551, 13
975, 3, 2, 108.917736, 14
976, 4, 2, 105.721945, 1
977, 3, 2, 108.839650, 5
977, 3, 2, 108.839650, 4
978, 4, 2, 105.680960, 3
979, 3, 2, 104.856913, 16
980, 3, 2, 107.606592, 20
981, 4, 2, 107.738499, 2
982, 4, 2, 105.130277, 1
982, 4, 2, 105.130277, 7
983, 3, 2, 107.933735, 3
984, 4, 2, 109.849550, 13
984, 4, 2, 109.849550, 7
985, 4, 2, 106.525537, 13
985, 4, 2, 106.525537, 2
986, 3, 2, 105.766931, 3
987, 4, 2, 104.937381, 14
988, 3, 2, 107.462227, 7
988, 3, 2, 107.462227, 4
989, 3, 2, 109.494111, 1
990, 4, 2, 107.863675, 5
991, 3, 2, 106.880569, 7
992, 4, 2, 105.489889, 6
993, 3, 2, 105.438194, 1
994, 3, 2, 109.266550, 13
994, 3, 2, 109.266550, 1
995, 4, 2, 105.568874, 6
995, 4, 2, 105.568874, 3
996, 3, 2, 105.582582, 10
996, 3, 2, 105.582582, 6
997, 3, 2, 107.196471, 14
997, 3, 2, 107.196471, 5
998, 4, 2, 107.388018, 2
999, 4, 2, 107.758793, 5
999, 4, 2, 107.758793, 10
