time, BuyerID, SellerID, Price, Quantity
0, 3, 2, 80.325822, 19
1, 3, 1, 106.255351, 16
4, 3, 2, 104.391054, 3
5, 3, 1, 107.895841, 1
5, 3, 2, 106.715012, 3
6, 3, 1, 104.298921, 4
6, 3, 1, 104.298921, 5
6, 3, 2, 105.685730, 8
6, 3, 2, 105.685730, 11
7, 3, 2, 109.697009, 2
8, 3, 1, 108.927811, 7
8, 3, 1, 108.927811, 6
9, 3, 1, 108.230252, 7
9, 3, 2, 109.119763, 7
9, 3, 2, 109.119763, 3
11, 3, 2, 109.242772, 2
12, 3, 1, 105.362425, 15
12, 3, 1, 105.362425, 1
13, 3, 1, 109.506025, 10
13, 3, 2, 108.441273, 9
13, 3, 2, 108.441273, 8
14, 3, 2, 106.864560, 11
15, 3, 1, 108.069732, 1
15, 3, 1, 108.069732, 11
17, 3, 2, 106.206179, 9
17, 3, 2, 106.206179, 5
18, 3, 2, 107.727367, 6
19, 3, 1, 106.626781, 9
19, 3, 1, 106.626781, 7
21, 3, 1, 107.938865, 13
22, 3, 1, 107.610806, 15
22, 3, 2, 106.087753, 5
22, 3, 2, 106.087753, 6
23, 3, 2, 107.380190, 2
24, 3, 1, 108.629396, 9
24, 3, 2, 109.987698, 3
24, 3, 2, 109.987698, 16
25, 3, 2, 104.701178, 4
27, 3, 1, 105.972204, 18
27, 3, 2, 105.169022, 2
27, 3, 2, 105.169022, 9
29, 3, 1, 106.573104, 1
29, 3, 2, 104.677097, 10
29, 3, 2, 104.677097, 5
31, 3, 1, 109.722869, 9
31, 3, 2, 104.823394, 6
31, 3, 2, 104.823394, 11
32, 3, 2, 108.026894, 9
32, 3, 2, 108.026894, 8
33, 3, 2, 108.522937, 5
34, 3, 1, 109.405972, 7
35, 3, 2, 107.563860, 11
36, 3, 1, 109.886040, 3
36, 3, 2, 106.946916, 4
37, 3, 1, 105.068820, 2
37, 3, 1, 105.068820, 11
39, 3, 1, 107.329802, 9
39, 3, 1, 107.329802, 4
40, 3, 1, 108.824303, 5
40, 3, 2, 108.838549, 7
41, 3, 1, 106.843624, 4
41, 3, 1, 106.843624, 11
42, 3, 1, 106.995975, 9
42, 3, 1, 106.995975, 10
43, 3, 1, 107.585390, 8
43, 3, 2, 106.034354, 2
43, 3, 2, 106.034354, 6
45, 3, 1, 108.217349, 4
45, 3, 2, 106.186620, 10
45, 3, 2, 106.186620, 8
47, 3, 1, 107.108840, 12
47, 3, 1, 107.108840, 4
48, 3, 2, 106.473630, 1
49, 3, 1, 107.093141, 12
49, 3, 2, 108.805230, 3
49, 3, 2, 108.805230, 3
51, 3, 1, 104.826514, 1
51, 3, 2, 105.287759, 6
52, 3, 1, 109.102870, 7
52, 3, 2, 109.699546, 3
52, 3, 2, 109.699546, 6
53, 3, 2, 108.733681, 3
54, 3, 1, 106.456097, 1
54, 3, 2, 106.232235, 10
54, 3, 2, 106.232235, 8
56, 3, 2, 106.090045, 12
56, 3, 2, 106.090045, 6
57, 3, 2, 105.110414, 14
57, 3, 2, 105.110414, 5
59, 3, 2, 105.981829, 15
59, 3, 2, 105.981829, 1
60, 3, 2, 109.739918, 2
61, 3, 1, 108.770233, 5
61, 3, 2, 109.784298, 10
62, 3, 1, 107.293307, 2
62, 3, 1, 107.293307, 5
64, 3, 1, 106.030641, 10
64, 3, 2, 108.056923, 5
64, 3, 2, 108.056923, 6
65, 3, 2, 109.968765, 13
66, 3, 1, 107.811984, 1
66, 3, 1, 107.811984, 13
67, 3, 1, 108.555953, 3
67, 3, 2, 108.520087, 4
67, 3, 2, 108.520087, 10
69, 3, 1, 107.797944, 5
69, 3, 2, 104.612740, 5
69, 3, 2, 104.612740, 3
71, 3, 2, 106.502322, 3
72, 3, 1, 104.828620, 6
72, 3, 2, 108.587008, 3
73, 3, 1, 109.565779, 5
73, 3, 1, 109.565779, 13
74, 3, 1, 108.041402, 1
74, 3, 2, 105.222266, 5
75, 3, 1, 105.938740, 1
75, 3, 1, 105.938740, 9
76, 3, 1, 105.745063, 3
76, 3, 2, 107.329731, 4
77, 3, 1, 109.511064, 4
77, 3, 1, 109.511064, 11
78, 3, 2, 108.395711, 9
80, 3, 1, 109.561201, 10
80, 3, 2, 106.341771, 8
81, 3, 1, 104.677684, 2
81, 3, 1, 104.677684, 8
82, 3, 1, 106.108851, 12
82, 3, 1, 106.108851, 6
83, 3, 1, 109.127929, 2
83, 3, 2, 106.307458, 12
84, 3, 2, 104.702357, 14
85, 3, 1, 107.518954, 5
85, 3, 2, 106.519610, 1
85, 3, 2, 106.519610, 15
87, 3, 1, 108.178038, 5
87, 3, 1, 108.178038, 3
88, 3, 1, 108.388432, 14
88, 3, 2, 106.470575, 3
88, 3, 2, 106.470575, 8
90, 3, 2, 106.991338, 8
91, 3, 1, 105.636685, 4
91, 3, 1, 105.636685, 16
92, 3, 1, 108.257366, 4
92, 3, 1, 108.257366, 5
93, 3, 2, 107.265847, 3
94, 3, 1, 109.527088, 4
94, 3, 2, 109.754956, 5
95, 3, 1, 108.966377, 3
95, 3, 1, 108.966377, 7
96, 3, 2, 105.146782, 4
97, 3, 1, 109.039388, 9
97, 3, 1, 109.039388, 6
99, 3, 1, 109.562647, 14
99, 3, 1, 109.562647, 6
100, 3, 2, 106.795774, 14
100, 3, 2, 106.795774, 2
102, 3, 1, 107.656277, 14
102, 3, 2, 105.799000, 4
102, 3, 2, 105.799000, 16
104, 3, 1, 109.663755, 4
104, 3, 1, 109.663755, 8
105, 3, 1, 107.136629, 12
105, 3, 1, 107.136629, 3
106, 3, 1, 106.274004, 7
106, 3, 2, 108.867702, 10
106, 3, 2, 108.867702, 9
107, 3, 2, 108.562231, 6
108, 3, 1, 108.288258, 5
108, 3, 1, 108.288258, 7
110, 3, 1, 109.385039, 13
110, 3, 1, 109.385039, 2
111, 3, 1, 108.759791, 9
111, 3, 2, 108.777500, 3
112, 3, 1, 104.779144, 6
112, 3, 1, 104.779144, 1
113, 3, 1, 106.519598, 5
113, 3, 2, 109.421715, 4
114, 3, 1, 109.507629, 10
114, 3, 1, 109.507629, 7
115, 3, 1, 109.574889, 13
115, 3, 1, 109.574889, 2
117, 3, 2, 105.524601, 11
118, 3, 1, 107.680100, 7
118, 3, 1, 107.680100, 8
119, 3, 1, 106.251402, 12
121, 3, 1, 108.171013, 19
121, 3, 2, 109.267047, 1
121, 3, 2, 109.267047, 14
122, 3, 2, 104.873674, 6
122, 3, 2, 104.873674, 5
123, 3, 2, 107.636724, 15
125, 3, 1, 107.109054, 7
125, 3, 2, 107.026457, 13
125, 3, 2, 107.026457, 1
126, 3, 2, 108.291803, 19
126, 3, 2, 108.291803, 1
128, 3, 1, 105.846187, 13
128, 3, 2, 106.110069, 3
129, 3, 1, 104.660246, 3
129, 3, 1, 104.660246, 8
131, 3, 1, 105.460042, 12
131, 3, 1, 105.460042, 4
132, 3, 2, 106.598833, 2
133, 3, 1, 106.533742, 14
133, 3, 1, 106.533742, 4
134, 3, 1, 104.599008, 4
134, 3, 2, 107.705208, 12
134, 3, 2, 107.705208, 7
136, 3, 1, 108.452811, 11
136, 3, 2, 106.832943, 2
136, 3, 2, 106.832943, 17
137, 3, 2, 104.563358, 3
137, 3, 2, 104.563358, 7
139, 3, 1, 105.642168, 1
139, 3, 2, 109.859380, 12
139, 3, 2, 109.859380, 1
141, 3, 1, 106.790297, 2
141, 3, 2, 106.234958, 4
142, 3, 1, 106.462727, 13
142, 3, 1, 106.462727, 3
143, 3, 1, 105.403256, 16
143, 3, 2, 109.690278, 1
143, 3, 2, 109.690278, 17
145, 3, 2, 106.462349, 3
145, 3, 2, 106.462349, 4
147, 3, 1, 108.546796, 8
147, 3, 2, 105.781178, 8
147, 3, 2, 105.781178, 5
149, 3, 1, 107.128951, 15
149, 3, 1, 107.128951, 5
150, 3, 1, 105.036102, 10
150, 3, 2, 104.903205, 5
150, 3, 2, 104.903205, 4
151, 3, 2, 105.676695, 10
152, 3, 1, 106.936859, 2
152, 3, 2, 109.141549, 4
152, 3, 2, 109.141549, 1
154, 3, 1, 105.527974, 10
154, 3, 2, 109.420881, 9
154, 3, 2, 109.420881, 2
156, 3, 1, 106.273682, 11
156, 3, 2, 107.874841, 7
157, 3, 2, 106.594817, 12
158, 3, 1, 109.310915, 6
158, 3, 2, 104.762611, 2
158, 3, 2, 104.762611, 12
159, 3, 2, 107.608577, 8
159, 3, 2, 107.608577, 6
161, 3, 2, 108.923884, 2
162, 3, 1, 109.513012, 9
162, 3, 2, 109.455661, 3
162, 3, 2, 109.455661, 14
163, 3, 2, 105.591862, 6
163, 3, 2, 105.591862, 11
164, 3, 2, 107.878787, 9
164, 3, 2, 107.878787, 6
166, 3, 1, 106.904385, 3
166, 3, 2, 107.765356, 4
167, 3, 1, 106.863112, 7
167, 3, 1, 106.863112, 5
168, 3, 1, 106.760964, 5
168, 3, 2, 104.782109, 10
168, 3, 2, 104.782109, 3
170, 3, 1, 108.339588, 4
170, 3, 2, 104.813369, 2
171, 3, 1, 108.718235, 4
171, 3, 2, 105.722944, 7
171, 3, 2, 105.722944, 11
172, 3, 2, 107.858190, 2
173, 3, 1, 109.430050, 7
173, 3, 1, 109.430050, 10
174, 3, 2, 107.524695, 7
175, 3, 1, 105.114314, 3
175, 3, 1, 105.114314, 2
176, 3, 2, 106.722064, 11
177, 3, 1, 107.508906, 3
177, 3, 2, 109.562383, 4
177, 3, 2, 109.562383, 12
179, 3, 2, 108.148178, 8
179, 3, 2, 108.148178, 6
181, 3, 1, 105.694584, 14
181, 3, 1, 105.694584, 2
182, 3, 1, 107.765068, 14
182, 3, 2, 109.197755, 4
182, 3, 2, 109.197755, 9
184, 3, 2, 107.133287, 11
184, 3, 2, 107.133287, 9
186, 3, 1, 108.842436, 1
186, 3, 2, 108.159350, 10
186, 3, 2, 108.159350, 8
188, 3, 1, 109.968703, 7
188, 3, 2, 109.665525, 5
188, 3, 2, 109.665525, 11
189, 3, 2, 109.210589, 9
189, 3, 2, 109.210589, 9
191, 3, 1, 105.765472, 11
192, 3, 1, 108.532682, 17
192, 3, 2, 106.986430, 3
192, 3, 2, 106.986430, 14
194, 3, 2, 106.782778, 6
194, 3, 2, 106.782778, 12
195, 3, 2, 106.074738, 8
195, 3, 2, 106.074738, 2
197, 3, 1, 105.785484, 3
197, 3, 2, 108.871856, 2
198, 3, 1, 106.668901, 13
198, 3, 1, 106.668901, 4
199, 3, 2, 107.550890, 14
200, 3, 1, 109.546232, 2
200, 3, 1, 109.546232, 4
201, 3, 1, 107.342401, 15
201, 3, 2, 106.172150, 1
201, 3, 2, 106.172150, 13
203, 3, 1, 109.627193, 2
203, 3, 2, 108.181051, 5
203, 3, 2, 108.181051, 11
204, 3, 2, 108.764722, 9
204, 3, 2, 108.764722, 10
206, 3, 1, 106.914796, 10
206, 3, 1, 106.914796, 2
207, 3, 2, 106.360071, 2
208, 3, 1, 109.946013, 11
208, 3, 2, 108.598241, 5
208, 3, 2, 108.598241, 12
210, 3, 1, 106.833210, 8
210, 3, 1, 106.833210, 5
211, 3, 1, 104.989452, 15
211, 3, 1, 104.989452, 2
212, 3, 1, 109.863305, 4
212, 3, 2, 109.142662, 4
213, 3, 1, 108.704799, 10
213, 3, 1, 108.704799, 5
214, 3, 2, 106.434673, 15
214, 3, 2, 106.434673, 2
216, 3, 1, 107.154261, 18
218, 3, 1, 108.445480, 7
218, 3, 2, 106.668805, 13
218, 3, 2, 106.668805, 3
220, 3, 1, 107.104266, 8
220, 3, 2, 105.902560, 9
220, 3, 2, 105.902560, 7
222, 3, 2, 106.390593, 13
222, 3, 2, 106.390593, 7
224, 3, 1, 107.434222, 13
224, 3, 1, 107.434222, 2
225, 3, 2, 106.389143, 13
226, 3, 1, 109.154006, 5
226, 3, 1, 109.154006, 9
227, 3, 2, 108.450250, 4
228, 3, 1, 109.318335, 6
228, 3, 2, 105.188482, 1
228, 3, 2, 105.188482, 3
229, 3, 2, 104.606127, 15
230, 3, 1, 104.653718, 2
230, 3, 1, 104.653718, 1
231, 3, 2, 107.608017, 18
232, 3, 1, 107.054682, 1
232, 3, 1, 107.054682, 5
233, 3, 1, 109.931480, 15
233, 3, 1, 109.931480, 4
234, 3, 2, 107.414327, 16
234, 3, 2, 107.414327, 1
237, 3, 1, 106.677031, 6
237, 3, 2, 107.571067, 7
238, 3, 1, 108.237674, 6
238, 3, 1, 108.237674, 4
240, 3, 1, 109.109751, 16
240, 3, 1, 109.109751, 2
241, 3, 2, 105.569692, 11
242, 3, 1, 108.339086, 7
242, 3, 1, 108.339086, 8
243, 3, 2, 106.577919, 12
243, 3, 2, 106.577919, 7
245, 3, 1, 105.080748, 13
245, 3, 1, 105.080748, 2
246, 3, 2, 104.685215, 18
246, 3, 2, 104.685215, 2
247, 3, 2, 109.417604, 16
248, 3, 1, 104.855427, 2
248, 3, 1, 104.855427, 16
249, 3, 1, 104.690717, 4
249, 3, 1, 104.690717, 13
250, 3, 1, 109.555715, 7
250, 3, 1, 109.555715, 2
251, 3, 2, 109.452124, 8
252, 3, 1, 104.562031, 10
252, 3, 1, 104.562031, 8
254, 3, 2, 108.374298, 11
255, 3, 1, 107.757944, 1
255, 3, 1, 107.757944, 6
256, 3, 1, 105.251426, 2
256, 3, 2, 107.941783, 2
257, 3, 1, 105.919349, 10
257, 3, 1, 105.919349, 6
258, 3, 2, 106.970509, 9
259, 3, 1, 107.672264, 1
259, 3, 2, 106.889333, 4
259, 3, 2, 106.889333, 1
260, 3, 2, 106.267128, 13
261, 3, 1, 106.869073, 3
261, 3, 2, 108.670451, 3
261, 3, 2, 108.670451, 3
263, 3, 1, 109.485678, 7
263, 3, 2, 105.500703, 1
264, 3, 1, 106.690298, 9
264, 3, 1, 106.690298, 7
265, 3, 1, 105.629432, 4
265, 3, 2, 105.267262, 9
266, 3, 2, 106.470922, 3
267, 3, 1, 107.181645, 6
267, 3, 2, 105.715563, 3
268, 3, 1, 107.879915, 8
269, 3, 2, 106.022570, 14
270, 3, 1, 108.947842, 6
270, 3, 1, 108.947842, 13
271, 3, 2, 107.731637, 7
271, 3, 2, 107.731637, 11
273, 3, 1, 105.244261, 9
273, 3, 1, 105.244261, 5
274, 3, 1, 105.516876, 11
274, 3, 2, 107.255650, 4
274, 3, 2, 107.255650, 7
276, 3, 1, 108.214962, 5
276, 3, 2, 106.159423, 3
277, 3, 1, 108.668609, 5
277, 3, 1, 108.668609, 15
278, 3, 2, 107.672644, 2
279, 3, 1, 104.860525, 3
279, 3, 1, 104.860525, 17
280, 3, 1, 104.871339, 3
280, 3, 1, 104.871339, 17
281, 3, 1, 106.783718, 3
281, 3, 1, 106.783718, 3
282, 3, 2, 108.323120, 11
283, 3, 1, 109.605725, 3
283, 3, 2, 109.973344, 3
283, 3, 2, 109.973344, 12
284, 3, 2, 108.445656, 5
285, 3, 1, 106.600305, 3
285, 3, 1, 106.600305, 14
286, 3, 2, 106.235086, 6
286, 3, 2, 106.235086, 1
288, 3, 1, 107.259175, 10
288, 3, 2, 104.534877, 9
288, 3, 2, 104.534877, 9
290, 3, 1, 106.005612, 11
290, 3, 1, 106.005612, 7
291, 3, 2, 108.609629, 2
292, 3, 1, 104.896435, 11
292, 3, 1, 104.896435, 1
293, 3, 2, 106.687854, 2
294, 3, 1, 106.700202, 8
294, 3, 2, 106.797786, 9
294, 3, 2, 106.797786, 7
296, 3, 1, 107.034564, 8
296, 3, 2, 107.340644, 5
296, 3, 2, 107.340644, 2
298, 3, 2, 105.781715, 3
299, 3, 1, 108.347227, 6
299, 3, 2, 109.515790, 9
299, 3, 2, 109.515790, 10
301, 3, 1, 107.845750, 7
301, 3, 2, 109.756341, 3
301, 3, 2, 109.756341, 3
303, 3, 1, 107.982816, 2
303, 3, 2, 108.374787, 9
304, 3, 1, 108.007974, 6
304, 3, 1, 108.007974, 13
306, 3, 1, 105.001837, 7
306, 3, 1, 105.001837, 7
307, 3, 1, 107.068100, 6
307, 3, 2, 107.300455, 3
308, 3, 1, 109.408639, 4
308, 3, 1, 109.408639, 10
309, 3, 2, 108.031288, 1
310, 3, 1, 109.651211, 9
310, 3, 1, 109.651211, 2
311, 3, 1, 109.419566, 16
311, 3, 2, 105.019792, 2
311, 3, 2, 105.019792, 15
312, 3, 2, 107.187255, 5
312, 3, 2, 107.187255, 3
314, 3, 2, 106.341290, 1
315, 3, 1, 109.571804, 7
315, 3, 2, 104.655004, 3
316, 3, 1, 107.470955, 6
316, 3, 1, 107.470955, 9
318, 3, 1, 105.719373, 11
318, 3, 1, 105.719373, 6
319, 3, 2, 106.584033, 14
319, 3, 2, 106.584033, 5
321, 3, 2, 104.853682, 12
322, 3, 1, 105.967878, 3
322, 3, 1, 105.967878, 2
324, 3, 1, 106.440505, 18
324, 3, 1, 106.440505, 2
325, 3, 1, 106.853431, 12
325, 3, 2, 106.763212, 6
325, 3, 2, 106.763212, 13
327, 3, 2, 107.023684, 7
327, 3, 2, 107.023684, 10
329, 3, 1, 107.474341, 10
329, 3, 1, 107.474341, 10
331, 3, 1, 108.828093, 8
331, 3, 2, 106.252482, 2
331, 3, 2, 106.252482, 8
332, 3, 2, 106.729522, 12
332, 3, 2, 106.729522, 3
334, 3, 1, 105.660062, 7
334, 3, 2, 107.855463, 1
335, 3, 1, 106.796522, 1
335, 3, 2, 107.000697, 2
336, 3, 1, 108.242301, 6
336, 3, 1, 108.242301, 5
338, 3, 2, 109.208831, 15
338, 3, 2, 109.208831, 2
340, 3, 1, 107.788506, 6
340, 3, 2, 109.770953, 11
341, 3, 1, 108.256235, 1
341, 3, 1, 108.256235, 18
342, 3, 1, 109.621686, 2
342, 3, 1, 109.621686, 15
343, 3, 2, 106.648508, 5
345, 3, 1, 108.006977, 3
345, 3, 2, 106.578578, 8
346, 3, 1, 106.531412, 9
346, 3, 1, 106.531412, 3
347, 3, 2, 108.593023, 17
347, 3, 2, 108.593023, 1
349, 3, 1, 107.683074, 1
349, 3, 2, 104.880156, 15
350, 3, 1, 108.013251, 3
350, 3, 1, 108.013251, 3
351, 3, 1, 109.029451, 11
351, 3, 2, 107.098767, 4
352, 3, 1, 105.236028, 2
352, 3, 1, 105.236028, 16
353, 3, 2, 108.207304, 4
353, 3, 2, 108.207304, 3
355, 3, 1, 105.087528, 13
355, 3, 2, 105.120815, 1
356, 3, 1, 109.329969, 3
356, 3, 1, 109.329969, 3
357, 3, 2, 107.250085, 7
358, 3, 1, 106.764881, 6
358, 3, 2, 105.893785, 4
358, 3, 2, 105.893785, 13
360, 3, 2, 104.573128, 7
360, 3, 2, 104.573128, 3
361, 3, 2, 108.428368, 5
362, 3, 1, 108.416170, 12
362, 3, 1, 108.416170, 2
363, 3, 2, 105.466586, 17
364, 3, 1, 109.449194, 1
364, 3, 1, 109.449194, 5
365, 3, 1, 107.087659, 8
365, 3, 2, 109.234655, 7
365, 3, 2, 109.234655, 3
367, 3, 1, 107.631062, 14
367, 3, 2, 104.519499, 3
367, 3, 2, 104.519499, 5
368, 3, 2, 108.981877, 9
369, 3, 1, 107.103790, 6
369, 3, 1, 107.103790, 3
370, 3, 1, 109.985272, 8
370, 3, 2, 107.566878, 9
372, 3, 1, 106.237390, 15
372, 3, 2, 109.628898, 5
372, 3, 2, 109.628898, 3
374, 3, 1, 108.251334, 3
374, 3, 2, 104.506649, 5
375, 3, 1, 106.540706, 1
375, 3, 2, 108.163514, 8
375, 3, 2, 108.163514, 11
377, 3, 1, 107.778497, 9
379, 3, 1, 105.612580, 17
379, 3, 2, 105.898442, 3
380, 3, 2, 104.855253, 3
381, 3, 1, 107.623109, 7
381, 3, 2, 109.938876, 3
382, 3, 1, 106.215199, 6
382, 3, 2, 104.541988, 1
382, 3, 2, 104.541988, 2
384, 3, 1, 106.221373, 7
384, 3, 2, 107.061615, 6
385, 3, 1, 106.606335, 5
385, 3, 1, 106.606335, 4
386, 3, 1, 106.712775, 16
387, 3, 1, 106.754824, 11
387, 3, 2, 108.693920, 9
387, 3, 2, 108.693920, 2
389, 3, 1, 107.015593, 10
389, 3, 2, 105.369940, 8
389, 3, 2, 105.369940, 12
390, 3, 2, 109.820722, 7
391, 3, 1, 107.447663, 1
391, 3, 1, 107.447663, 12
392, 3, 2, 107.326695, 6
393, 3, 1, 105.269504, 2
393, 3, 1, 105.269504, 6
394, 3, 2, 106.593795, 4
395, 3, 1, 105.516711, 10
395, 3, 1, 105.516711, 3
396, 3, 2, 109.908162, 3
397, 3, 1, 108.099816, 14
397, 3, 1, 108.099816, 5
398, 3, 1, 105.657497, 12
398, 3, 2, 109.019745, 3
399, 3, 2, 106.005855, 2
400, 3, 1, 108.574001, 5
400, 3, 2, 107.769363, 13
400, 3, 2, 107.769363, 3
402, 3, 1, 109.759523, 5
402, 3, 2, 105.336637, 6
403, 3, 1, 106.251902, 6
403, 3, 1, 106.251902, 13
404, 3, 2, 105.814380, 7
404, 3, 2, 105.814380, 5
406, 3, 1, 107.327530, 4
406, 3, 2, 106.593411, 11
406, 3, 2, 106.593411, 2
407, 3, 2, 107.683798, 14
408, 3, 1, 108.396422, 4
408, 3, 1, 108.396422, 14
409, 3, 1, 107.032025, 6
409, 3, 1, 107.032025, 10
411, 3, 1, 109.256222, 6
411, 3, 2, 105.103266, 4
411, 3, 2, 105.103266, 11
413, 3, 1, 105.793442, 9
413, 3, 1, 105.793442, 1
414, 3, 1, 107.093980, 8
414, 3, 2, 106.322108, 11
414, 3, 2, 106.322108, 1
416, 3, 2, 104.748921, 6
417, 3, 1, 108.247617, 3
417, 3, 2, 109.561239, 10
417, 3, 2, 109.561239, 3
418, 3, 2, 109.201105, 17
420, 3, 1, 109.653034, 20
421, 3, 2, 105.076149, 16
422, 3, 1, 104.839763, 4
422, 3, 1, 104.839763, 6
423, 3, 2, 105.341397, 12
424, 3, 1, 107.969314, 2
424, 3, 1, 107.969314, 1
425, 3, 2, 107.136145, 17
426, 3, 1, 107.274142, 2
426, 3, 1, 107.274142, 12
427, 3, 1, 105.799993, 8
427, 3, 1, 105.799993, 11
428, 3, 2, 104.686361, 9
428, 3, 2, 104.686361, 8
430, 3, 1, 105.532458, 12
430, 3, 1, 105.532458, 7
432, 3, 2, 106.355275, 13
432, 3, 2, 106.355275, 1
433, 3, 2, 106.596185, 14
434, 3, 1, 105.995820, 5
434, 3, 1, 105.995820, 9
436, 3, 1, 107.053528, 11
436, 3, 1, 107.053528, 3
437, 3, 1, 109.128688, 12
437, 3, 2, 106.530710, 1
438, 3, 1, 105.560774, 4
439, 3, 2, 106.287579, 3
440, 3, 1, 104.674456, 17
440, 3, 1, 104.674456, 1
442, 3, 1, 109.103763, 13
442, 3, 2, 109.636409, 6
442, 3, 2, 109.636409, 9
444, 3, 1, 106.027541, 11
444, 3, 1, 106.027541, 6
445, 3, 1, 107.625310, 4
445, 3, 2, 109.248811, 10
445, 3, 2, 109.248811, 6
447, 3, 1, 109.192258, 14
447, 3, 1, 109.192258, 2
448, 3, 2, 107.921268, 14
449, 3, 1, 105.843039, 4
449, 3, 1, 105.843039, 10
450, 3, 2, 109.547510, 10
450, 3, 2, 109.547510, 7
452, 3, 1, 108.835995, 8
452, 3, 2, 105.243634, 5
452, 3, 2, 105.243634, 12
454, 3, 1, 105.729116, 8
454, 3, 1, 105.729116, 4
456, 3, 1, 105.862455, 3
456, 3, 2, 108.892216, 13
456, 3, 2, 108.892216, 6
458, 3, 1, 109.440272, 4
458, 3, 2, 105.764087, 1
459, 3, 1, 108.014538, 9
459, 3, 1, 108.014538, 10
460, 3, 2, 109.551101, 7
461, 3, 1, 104.887710, 3
461, 3, 1, 104.887710, 13
462, 3, 2, 107.041250, 7
462, 3, 2, 107.041250, 5
464, 3, 1, 106.698523, 12
464, 3, 2, 108.519968, 3
465, 3, 2, 107.411799, 8
466, 3, 1, 108.318297, 5
466, 3, 2, 105.853508, 5
467, 3, 1, 106.797904, 2
467, 3, 1, 106.797904, 10
468, 3, 2, 109.704408, 10
468, 3, 2, 109.704408, 2
469, 3, 2, 108.975081, 18
469, 3, 2, 108.975081, 1
471, 3, 1, 108.845352, 8
471, 3, 2, 106.532118, 11
471, 3, 2, 106.532118, 9
472, 3, 2, 105.890217, 1
473, 3, 1, 104.549585, 10
474, 3, 2, 107.810106, 9
475, 3, 1, 106.208080, 11
475, 3, 1, 106.208080, 2
477, 3, 1, 106.974809, 4
477, 3, 2, 108.091643, 14
477, 3, 2, 108.091643, 1
478, 3, 2, 108.331236, 1
479, 3, 1, 109.587797, 18
479, 3, 1, 109.587797, 2
480, 3, 2, 109.693112, 15
481, 3, 1, 108.199835, 3
481, 3, 1, 108.199835, 15
482, 3, 1, 107.384822, 4
482, 3, 2, 106.263021, 1
482, 3, 2, 106.263021, 11
484, 3, 1, 105.191081, 9
485, 3, 1, 106.524155, 14
485, 3, 2, 106.066105, 6
485, 3, 2, 106.066105, 1
487, 3, 1, 104.706032, 1
487, 3, 2, 107.157626, 18
487, 3, 2, 107.157626, 2
489, 3, 2, 106.666501, 15
490, 3, 1, 107.766771, 3
490, 3, 1, 107.766771, 11
491, 3, 1, 104.734842, 2
491, 3, 2, 108.020781, 1
492, 3, 1, 109.348151, 6
493, 3, 2, 109.085278, 1
494, 3, 1, 105.050370, 6
494, 3, 2, 106.960931, 11
495, 3, 1, 104.600281, 1
495, 3, 2, 104.609995, 1
495, 3, 2, 104.609995, 8
497, 3, 1, 106.690797, 12
497, 3, 1, 106.690797, 4
498, 3, 2, 107.124959, 8
499, 3, 1, 106.144386, 5
499, 3, 2, 106.109118, 3
499, 3, 2, 106.109118, 13
501, 3, 1, 105.612893, 7
501, 3, 1, 105.612893, 12
502, 3, 2, 109.611125, 7
503, 3, 1, 108.222605, 1
503, 3, 1, 108.222605, 12
504, 3, 2, 109.584387, 8
504, 3, 2, 109.584387, 1
506, 3, 2, 105.075993, 1
507, 3, 1, 106.751193, 1
507, 3, 2, 108.109476, 8
508, 3, 1, 105.354592, 3
508, 3, 2, 105.603131, 6
509, 3, 2, 108.515993, 5
510, 3, 1, 108.282606, 7
510, 3, 2, 107.855216, 3
511, 3, 1, 105.876717, 5
511, 3, 1, 105.876717, 10
512, 3, 2, 107.881021, 7
513, 3, 1, 107.219181, 3
513, 3, 1, 107.219181, 14
514, 3, 1, 109.398478, 6
514, 3, 1, 109.398478, 7
515, 3, 1, 106.086455, 4
515, 3, 2, 109.895938, 9
515, 3, 2, 109.895938, 2
517, 3, 1, 107.022275, 2
517, 3, 2, 105.076052, 15
518, 3, 1, 107.602771, 1
518, 3, 1, 107.602771, 19
519, 3, 2, 107.092806, 1
519, 3, 2, 107.092806, 7
521, 3, 1, 106.153802, 10
521, 3, 2, 109.435750, 3
521, 3, 2, 109.435750, 10
523, 3, 1, 106.813515, 6
523, 3, 2, 105.578207, 4
523, 3, 2, 105.578207, 5
524, 3, 2, 105.274307, 3
525, 3, 1, 108.260283, 12
525, 3, 1, 108.260283, 1
527, 3, 1, 107.605199, 14
527, 3, 2, 108.720037, 5
527, 3, 2, 108.720037, 10
529, 3, 1, 109.679021, 6
529, 3, 2, 106.521083, 4
529, 3, 2, 106.521083, 13
530, 3, 2, 106.125641, 2
531, 3, 1, 105.959552, 5
531, 3, 1, 105.959552, 5
532, 3, 1, 106.009364, 2
532, 3, 2, 107.941753, 13
532, 3, 2, 107.941753, 6
533, 3, 2, 109.067878, 14
533, 3, 2, 109.067878, 1
534, 3, 2, 106.038397, 11
535, 3, 1, 106.856100, 8
535, 3, 1, 106.856100, 11
537, 3, 1, 109.408167, 2
537, 3, 2, 105.408375, 3
538, 3, 1, 105.059639, 1
538, 3, 2, 108.962000, 3
538, 3, 2, 108.962000, 6
539, 3, 2, 104.885579, 4
540, 3, 1, 108.968571, 10
540, 3, 1, 108.968571, 9
541, 3, 1, 104.626784, 11
541, 3, 1, 104.626784, 8
542, 3, 2, 108.372555, 12
542, 3, 2, 108.372555, 2
543, 3, 2, 108.033484, 3
544, 3, 1, 108.684919, 15
544, 3, 1, 108.684919, 3
546, 3, 2, 109.044944, 13
547, 3, 1, 105.312166, 4
547, 3, 1, 105.312166, 14
550, 3, 1, 105.379538, 6
550, 3, 1, 105.379538, 2
551, 3, 1, 105.713856, 3
551, 3, 2, 108.831579, 10
552, 3, 1, 107.398311, 5
552, 3, 1, 107.398311, 12
553, 3, 2, 109.092856, 8
555, 3, 1, 108.725408, 7
555, 3, 2, 105.357015, 13
555, 3, 2, 105.357015, 7
557, 3, 1, 105.767266, 13
557, 3, 1, 105.767266, 4
558, 3, 1, 108.905743, 3
558, 3, 2, 106.272876, 13
558, 3, 2, 106.272876, 2
560, 3, 2, 105.866412, 12
561, 3, 1, 109.501634, 5
561, 3, 2, 109.718846, 1
561, 3, 2, 109.718846, 10
563, 3, 2, 105.142946, 1
564, 3, 1, 107.493208, 1
564, 3, 2, 107.205020, 7
565, 3, 1, 108.901008, 1
565, 3, 1, 108.901008, 7
566, 3, 1, 109.386524, 8
566, 3, 2, 108.231961, 5
566, 3, 2, 108.231961, 10
568, 3, 2, 107.778108, 10
568, 3, 2, 107.778108, 2
570, 3, 1, 106.520297, 16
570, 3, 2, 109.157798, 2
570, 3, 2, 109.157798, 1
572, 3, 1, 109.488060, 19
572, 3, 1, 109.488060, 1
573, 3, 2, 107.849832, 2
574, 3, 1, 105.187300, 10
574, 3, 2, 109.227900, 3
575, 3, 1, 109.451507, 2
575, 3, 2, 106.744693, 2
575, 3, 2, 106.744693, 13
577, 3, 2, 105.217120, 2
578, 3, 1, 107.392437, 5
578, 3, 1, 107.392437, 12
579, 3, 1, 106.673652, 8
579, 3, 1, 106.673652, 9
580, 3, 1, 109.634343, 11
580, 3, 1, 109.634343, 2
581, 3, 1, 105.603719, 2
581, 3, 2, 106.380538, 10
582, 3, 1, 108.159378, 6
582, 3, 1, 108.159378, 13
583, 3, 1, 107.425965, 7
583, 3, 1, 107.425965, 3
584, 3, 1, 106.057665, 2
584, 3, 2, 108.625809, 6
585, 3, 1, 106.222177, 4
585, 3, 2, 107.470112, 5
585, 3, 2, 107.470112, 9
587, 3, 1, 108.400025, 11
587, 3, 1, 108.400025, 2
588, 3, 2, 107.507074, 18
589, 3, 2, 106.440155, 8
590, 3, 1, 105.976497, 12
590, 3, 1, 105.976497, 6
591, 3, 2, 106.691026, 6
592, 3, 1, 105.781107, 8
592, 3, 1, 105.781107, 1
594, 3, 1, 105.820163, 11
594, 3, 2, 107.059522, 8
594, 3, 2, 107.059522, 9
595, 3, 2, 109.923156, 2
596, 3, 1, 106.838291, 9
596, 3, 1, 106.838291, 7
597, 3, 2, 105.610065, 4
598, 3, 1, 109.388811, 9
598, 3, 1, 109.388811, 10
599, 3, 1, 108.669570, 1
599, 3, 2, 109.752752, 9
599, 3, 2, 109.752752, 9
601, 3, 1, 108.060071, 11
601, 3, 1, 108.060071, 2
602, 3, 2, 106.332943, 12
603, 3, 1, 109.661470, 6
603, 3, 1, 109.661470, 3
604, 3, 1, 109.735055, 11
604, 3, 2, 105.128825, 6
604, 3, 2, 105.128825, 7
606, 3, 1, 108.406878, 12
606, 3, 2, 105.137646, 1
606, 3, 2, 105.137646, 9
608, 3, 1, 107.339670, 11
608, 3, 1, 107.339670, 4
609, 3, 1, 105.065985, 13
609, 3, 2, 108.808366, 3
609, 3, 2, 108.808366, 2
611, 3, 1, 106.935001, 14
611, 3, 2, 104.561323, 4
611, 3, 2, 104.561323, 16
613, 3, 1, 109.966441, 4
613, 3, 1, 109.966441, 14
614, 3, 1, 107.781164, 4
614, 3, 2, 104.607520, 1
615, 3, 1, 108.263603, 1
615, 3, 1, 108.263603, 2
616, 3, 2, 107.533296, 3
617, 3, 1, 107.297129, 6
617, 3, 2, 105.344279, 9
617, 3, 2, 105.344279, 3
618, 3, 2, 104.545010, 12
619, 3, 1, 106.760066, 5
620, 3, 1, 106.500061, 7
620, 3, 2, 105.672777, 13
620, 3, 2, 105.672777, 5
621, 3, 2, 104.949061, 4
622, 3, 1, 106.107949, 7
622, 3, 2, 104.897350, 4
622, 3, 2, 104.897350, 7
624, 3, 1, 105.161693, 13
625, 3, 2, 107.779747, 10
626, 3, 1, 105.410327, 10
626, 3, 1, 105.410327, 7
627, 3, 2, 106.938148, 13
627, 3, 2, 106.938148, 1
629, 3, 2, 106.445679, 18
630, 3, 1, 108.347741, 1
630, 3, 1, 108.347741, 17
631, 3, 2, 107.084484, 3
631, 3, 2, 107.084484, 9
632, 3, 2, 107.066493, 11
632, 3, 2, 107.066493, 7
633, 3, 2, 108.102812, 8
634, 3, 1, 105.772808, 5
634, 3, 1, 105.772808, 3
636, 3, 1, 106.029900, 17
637, 3, 1, 104.724649, 8
637, 3, 2, 105.181894, 5
638, 3, 1, 109.429206, 2
638, 3, 2, 109.714995, 5
638, 3, 2, 109.714995, 9
640, 3, 2, 107.481227, 11
640, 3, 2, 107.481227, 1
643, 3, 2, 108.546877, 19
643, 3, 2, 108.546877, 1
645, 3, 1, 109.984440, 13
645, 3, 2, 109.817364, 6
645, 3, 2, 109.817364, 13
647, 3, 1, 106.891739, 7
647, 3, 1, 106.891739, 6
648, 3, 2, 107.209963, 3
649, 3, 1, 108.230137, 10
649, 3, 2, 107.417953, 1
649, 3, 2, 107.417953, 15
651, 3, 1, 108.978717, 5
651, 3, 1, 108.978717, 5
652, 3, 2, 105.109655, 13
653, 3, 1, 107.466480, 2
653, 3, 1, 107.466480, 13
655, 3, 2, 104.537587, 7
655, 3, 2, 104.537587, 10
656, 3, 2, 108.794097, 10
656, 3, 2, 108.794097, 8
658, 3, 1, 105.336856, 4
658, 3, 2, 109.010163, 4
659, 3, 1, 108.352926, 4
659, 3, 1, 108.352926, 10
660, 3, 2, 105.789341, 10
660, 3, 2, 105.789341, 1
661, 3, 2, 108.724611, 8
662, 3, 1, 104.863457, 11
662, 3, 1, 104.863457, 8
663, 3, 2, 108.111033, 4
664, 3, 1, 109.187685, 8
664, 3, 1, 109.187685, 6
665, 3, 1, 105.875638, 14
665, 3, 1, 105.875638, 2
666, 3, 2, 105.626664, 18
666, 3, 2, 105.626664, 2
668, 3, 1, 109.625138, 17
668, 3, 2, 108.083704, 1
668, 3, 2, 108.083704, 14
670, 3, 2, 106.353968, 6
670, 3, 2, 106.353968, 1
671, 3, 2, 106.816350, 17
672, 3, 1, 108.878528, 2
672, 3, 1, 108.878528, 15
674, 3, 1, 107.059053, 2
674, 3, 2, 107.527327, 3
674, 3, 2, 107.527327, 9
676, 3, 1, 109.088771, 11
677, 3, 2, 107.205259, 14
678, 3, 1, 107.296823, 6
678, 3, 1, 107.296823, 10
679, 3, 2, 105.853982, 10
679, 3, 2, 105.853982, 1
681, 3, 2, 106.210945, 2
682, 3, 1, 105.370280, 8
682, 3, 2, 107.651246, 9
682, 3, 2, 107.651246, 9
683, 3, 2, 104.855923, 8
684, 3, 1, 104.562127, 3
684, 3, 1, 104.562127, 4
685, 3, 1, 109.550414, 5
685, 3, 2, 107.465442, 11
685, 3, 2, 107.465442, 7
687, 3, 2, 108.143115, 13
689, 3, 1, 107.630065, 2
689, 3, 2, 107.460073, 13
690, 3, 1, 108.210339, 5
690, 3, 1, 108.210339, 11
691, 3, 2, 106.414905, 9
691, 3, 2, 106.414905, 10
692, 3, 2, 107.007213, 10
692, 3, 2, 107.007213, 4
694, 3, 1, 106.948551, 16
694, 3, 1, 106.948551, 2
696, 3, 1, 106.729095, 10
696, 3, 2, 109.786716, 8
696, 3, 2, 109.786716, 2
698, 3, 1, 108.973835, 5
698, 3, 2, 108.863463, 6
699, 3, 1, 107.766234, 7
699, 3, 1, 107.766234, 11
700, 3, 2, 106.240928, 9
700, 3, 2, 106.240928, 7
702, 3, 1, 107.059545, 8
702, 3, 2, 107.467082, 3
703, 3, 1, 109.051419, 2
703, 3, 1, 109.051419, 10
704, 3, 1, 106.654227, 3
704, 3, 2, 105.048099, 7
704, 3, 2, 105.048099, 9
706, 3, 1, 104.716871, 11
706, 3, 1, 104.716871, 5
708, 3, 1, 104.779371, 7
708, 3, 2, 105.062083, 6
709, 3, 1, 108.829129, 2
709, 3, 1, 108.829129, 7
711, 3, 1, 105.167627, 13
711, 3, 1, 105.167627, 6
712, 3, 1, 104.824652, 14
712, 3, 1, 104.824652, 6
713, 3, 1, 107.525864, 14
713, 3, 1, 107.525864, 4
715, 3, 1, 108.101154, 16
715, 3, 1, 108.101154, 4
716, 3, 1, 107.400756, 5
716, 3, 2, 109.287702, 11
716, 3, 2, 109.287702, 7
718, 3, 2, 107.333758, 13
718, 3, 2, 107.333758, 2
719, 3, 2, 108.242094, 10
720, 3, 1, 106.119628, 8
720, 3, 1, 106.119628, 4
722, 3, 1, 107.156785, 10
722, 3, 2, 109.563729, 6
722, 3, 2, 109.563729, 4
725, 3, 1, 105.352395, 13
725, 3, 2, 109.151240, 3
725, 3, 2, 109.151240, 11
726, 3, 2, 109.871152, 9
726, 3, 2, 109.871152, 5
728, 3, 1, 104.759324, 15
728, 3, 1, 104.759324, 4
729, 3, 1, 105.028032, 5
729, 3, 2, 104.836968, 7
730, 3, 1, 105.433666, 4
730, 3, 1, 105.433666, 12
731, 3, 2, 107.301205, 8
731, 3, 2, 107.301205, 12
733, 3, 1, 109.942591, 8
733, 3, 1, 109.942591, 4
734, 3, 1, 105.871814, 10
734, 3, 2, 105.839334, 6
734, 3, 2, 105.839334, 3
736, 3, 2, 109.121249, 8
737, 3, 1, 105.330029, 9
737, 3, 1, 105.330029, 8
738, 3, 1, 106.052126, 12
738, 3, 1, 106.052126, 3
739, 3, 1, 109.385616, 7
739, 3, 2, 105.747063, 1
740, 3, 1, 106.719079, 9
740, 3, 1, 106.719079, 11
742, 3, 1, 109.969875, 1
742, 3, 2, 106.512631, 8
742, 3, 2, 106.512631, 1
743, 3, 2, 106.504767, 8
744, 3, 1, 105.286817, 6
744, 3, 2, 105.399555, 5
745, 3, 2, 105.825041, 3
746, 3, 1, 104.523001, 10
746, 3, 2, 106.041298, 7
746, 3, 2, 106.041298, 4
748, 3, 1, 105.002623, 10
748, 3, 2, 106.416924, 6
748, 3, 2, 106.416924, 8
749, 3, 2, 106.957190, 10
750, 3, 1, 106.388296, 2
750, 3, 1, 106.388296, 5
752, 3, 1, 108.141870, 15
752, 3, 1, 108.141870, 5
753, 3, 2, 106.745408, 5
754, 3, 1, 106.317122, 10
754, 3, 1, 106.317122, 7
755, 3, 1, 108.870644, 13
755, 3, 1, 108.870644, 4
756, 3, 1, 106.071214, 14
756, 3, 2, 107.047615, 2
756, 3, 2, 107.047615, 12
757, 3, 2, 105.094583, 2
758, 3, 1, 105.492716, 5
758, 3, 2, 104.629815, 1
758, 3, 2, 104.629815, 16
759, 3, 2, 107.177506, 4
759, 3, 2, 107.177506, 8
761, 3, 1, 106.941280, 9
761, 3, 2, 106.897974, 3
761, 3, 2, 106.897974, 17
762, 3, 2, 109.601176, 3
762, 3, 2, 109.601176, 13
764, 3, 2, 106.328580, 5
765, 3, 1, 107.607971, 2
765, 3, 1, 107.607971, 8
766, 3, 1, 109.201656, 4
766, 3, 2, 107.817099, 8
766, 3, 2, 107.817099, 10
767, 3, 2, 107.023336, 10
770, 3, 1, 106.001002, 4
770, 3, 2, 107.512528, 9
771, 3, 1, 107.098815, 7
771, 3, 1, 107.098815, 7
772, 3, 1, 108.320716, 1
772, 3, 2, 105.246010, 12
772, 3, 2, 105.246010, 6
773, 3, 2, 106.769091, 8
774, 3, 1, 109.970524, 6
774, 3, 1, 109.970524, 10
775, 3, 1, 106.400622, 8
775, 3, 2, 108.600095, 2
775, 3, 2, 108.600095, 14
778, 3, 1, 106.572514, 6
778, 3, 1, 106.572514, 4
779, 3, 1, 108.612739, 4
779, 3, 2, 107.273566, 2
780, 3, 1, 109.668339, 9
780, 3, 2, 108.486509, 1
780, 3, 2, 108.486509, 16
781, 3, 2, 108.393879, 4
781, 3, 2, 108.393879, 14
782, 3, 2, 105.034600, 6
782, 3, 2, 105.034600, 6
784, 3, 1, 105.845689, 8
784, 3, 2, 105.962090, 4
785, 3, 1, 107.152589, 2
786, 3, 1, 106.152724, 5
786, 3, 2, 105.547905, 11
787, 3, 1, 105.248989, 4
787, 3, 1, 105.248989, 11
789, 3, 2, 106.164830, 7
790, 3, 1, 106.865639, 2
790, 3, 1, 106.865639, 5
791, 3, 2, 107.565551, 4
792, 3, 1, 107.814773, 11
792, 3, 1, 107.814773, 6
793, 3, 1, 106.638339, 1
793, 3, 2, 107.203647, 13
793, 3, 2, 107.203647, 4
795, 3, 1, 105.775817, 12
795, 3, 2, 107.469985, 1
796, 3, 1, 104.536318, 3
796, 3, 1, 104.536318, 16
797, 3, 2, 109.858470, 4
797, 3, 2, 109.858470, 13
799, 3, 2, 109.304989, 7
799, 3, 2, 109.304989, 3
800, 3, 2, 105.437558, 8
801, 3, 1, 109.705316, 9
801, 3, 1, 109.705316, 11
802, 3, 2, 105.435399, 9
802, 3, 2, 105.435399, 1
803, 3, 2, 109.324029, 19
803, 3, 2, 109.324029, 1
805, 3, 1, 104.935494, 1
805, 3, 2, 108.921964, 18
805, 3, 2, 108.921964, 1
806, 3, 2, 107.293518, 3
807, 3, 1, 107.511790, 7
807, 3, 2, 108.115924, 9
808, 3, 2, 104.658572, 17
809, 3, 1, 104.800270, 3
809, 3, 1, 104.800270, 16
810, 3, 2, 104.607064, 4
810, 3, 2, 104.607064, 6
813, 3, 1, 108.677401, 7
813, 3, 2, 108.761684, 7
813, 3, 2, 108.761684, 13
814, 3, 2, 109.738761, 7
816, 3, 1, 106.085019, 12
816, 3, 2, 109.930738, 8
816, 3, 2, 109.930738, 3
818, 3, 1, 107.089687, 2
818, 3, 2, 106.692938, 15
818, 3, 2, 106.692938, 5
819, 3, 2, 105.537083, 15
819, 3, 2, 105.537083, 5
822, 3, 1, 109.808073, 15
822, 3, 1, 109.808073, 4
824, 3, 2, 108.673715, 4
825, 3, 1, 109.415664, 12
825, 3, 1, 109.415664, 3
826, 3, 1, 109.372908, 8
826, 3, 2, 109.164456, 5
827, 3, 1, 106.592795, 4
827, 3, 1, 106.592795, 3
828, 3, 2, 107.429301, 11
829, 3, 1, 109.457913, 6
829, 3, 1, 109.457913, 13
830, 3, 1, 104.993929, 3
830, 3, 2, 105.950329, 4
830, 3, 2, 105.950329, 12
832, 3, 1, 104.845143, 8
832, 3, 1, 104.845143, 12
833, 3, 1, 106.869602, 8
833, 3, 1, 106.869602, 3
834, 3, 1, 104.613752, 4
834, 3, 2, 104.839840, 8
835, 3, 1, 107.461191, 5
835, 3, 1, 107.461191, 2
838, 3, 1, 109.587285, 5
838, 3, 2, 108.992586, 7
839, 3, 1, 107.523647, 6
839, 3, 1, 107.523647, 1
841, 3, 1, 107.426073, 4
841, 3, 2, 109.028032, 15
841, 3, 2, 109.028032, 1
843, 3, 1, 108.040437, 18
843, 3, 2, 107.586064, 1
843, 3, 2, 107.586064, 3
845, 3, 2, 105.184172, 17
847, 3, 1, 104.636193, 6
847, 3, 2, 104.558911, 13
848, 3, 1, 107.154072, 1
848, 3, 1, 107.154072, 4
850, 3, 1, 109.630887, 12
850, 3, 2, 104.533956, 4
850, 3, 2, 104.533956, 15
851, 3, 2, 107.714141, 5
851, 3, 2, 107.714141, 12
852, 3, 2, 109.769377, 8
852, 3, 2, 109.769377, 10
855, 3, 1, 109.635389, 7
855, 3, 2, 106.579423, 3
855, 3, 2, 106.579423, 16
856, 3, 2, 107.934454, 4
856, 3, 2, 107.934454, 12
858, 3, 1, 106.138137, 8
858, 3, 1, 106.138137, 3
859, 3, 2, 107.703631, 1
860, 3, 1, 105.018230, 11
860, 3, 2, 108.866949, 5
860, 3, 2, 108.866949, 13
863, 3, 1, 105.348713, 7
863, 3, 1, 105.348713, 11
864, 3, 2, 107.037923, 5
865, 3, 1, 108.026981, 3
865, 3, 2, 106.725963, 1
865, 3, 2, 106.725963, 15
867, 3, 1, 108.777910, 3
867, 3, 2, 106.234153, 2
867, 3, 2, 106.234153, 18
868, 3, 2, 109.311338, 2
868, 3, 2, 109.311338, 13
870, 3, 1, 107.716402, 7
870, 3, 1, 107.716402, 7
871, 3, 1, 109.505826, 4
871, 3, 2, 106.115959, 9
871, 3, 2, 106.115959, 10
872, 3, 2, 105.499439, 1
873, 3, 1, 106.594480, 9
875, 3, 1, 106.132698, 17
875, 3, 2, 107.584634, 3
875, 3, 2, 107.584634, 1
877, 3, 1, 107.283039, 13
877, 3, 2, 109.374768, 4
878, 3, 1, 108.196580, 2
878, 3, 1, 108.196580, 18
879, 3, 2, 108.217079, 2
879, 3, 2, 108.217079, 16
881, 3, 1, 109.057357, 4
881, 3, 1, 109.057357, 8
882, 3, 2, 106.297543, 12
882, 3, 2, 106.297543, 3
884, 3, 1, 104.583519, 5
884, 3, 2, 105.849897, 6
885, 3, 1, 108.864310, 6
885, 3, 1, 108.864310, 9
886, 3, 1, 106.552816, 10
886, 3, 2, 106.144035, 1
886, 3, 2, 106.144035, 11
888, 3, 2, 108.643375, 7
889, 3, 1, 108.344539, 2
889, 3, 1, 108.344539, 9
890, 3, 1, 105.104040, 11
890, 3, 1, 105.104040, 6
891, 3, 2, 109.275743, 14
891, 3, 2, 109.275743, 2
892, 3, 2, 109.184456, 3
893, 3, 1, 108.290368, 3
893, 3, 2, 106.938793, 12
893, 3, 2, 106.938793, 5
895, 3, 1, 109.933215, 13
895, 3, 2, 105.013356, 2
895, 3, 2, 105.013356, 8
897, 3, 2, 109.125571, 3
898, 3, 1, 107.657635, 9
898, 3, 1, 107.657635, 2
899, 3, 2, 107.950962, 4
900, 3, 1, 105.883509, 7
900, 3, 2, 108.697205, 7
900, 3, 2, 108.697205, 1
901, 3, 2, 106.932508, 13
902, 3, 1, 106.616472, 1
902, 3, 2, 108.075880, 5
902, 3, 2, 108.075880, 2
904, 3, 1, 105.765154, 6
904, 3, 2, 106.586944, 4
905, 3, 1, 107.562149, 8
905, 3, 1, 107.562149, 1
906, 3, 1, 108.433697, 5
906, 3, 2, 106.386926, 14
906, 3, 2, 106.386926, 5
908, 3, 1, 107.387227, 12
908, 3, 2, 104.870509, 3
910, 3, 1, 108.459510, 16
910, 3, 2, 108.027552, 4
910, 3, 2, 108.027552, 2
911, 3, 2, 105.979284, 18
912, 3, 2, 105.000423, 12
913, 3, 1, 108.020892, 3
913, 3, 2, 109.066055, 5
913, 3, 2, 109.066055, 10
915, 3, 1, 106.961728, 10
915, 3, 1, 106.961728, 9
916, 3, 2, 104.589220, 11
916, 3, 2, 104.589220, 6
918, 3, 1, 105.377173, 8
918, 3, 2, 104.828295, 6
918, 3, 2, 104.828295, 3
920, 3, 1, 109.891538, 8
920, 3, 2, 105.010237, 9
920, 3, 2, 105.010237, 8
922, 3, 1, 107.919345, 12
922, 3, 1, 107.919345, 8
923, 3, 2, 108.845671, 4
924, 3, 1, 109.291359, 6
924, 3, 2, 108.068014, 2
924, 3, 2, 108.068014, 16
926, 3, 1, 106.410302, 4
926, 3, 1, 106.410302, 3
927, 3, 2, 105.350815, 7
928, 3, 1, 107.515953, 10
928, 3, 1, 107.515953, 7
929, 3, 1, 109.278424, 10
929, 3, 2, 109.755800, 3
929, 3, 2, 109.755800, 1
931, 3, 1, 109.702732, 17
931, 3, 2, 107.759568, 2
931, 3, 2, 107.759568, 10
932, 3, 2, 104.611624, 10
932, 3, 2, 104.611624, 2
934, 3, 1, 105.886500, 13
934, 3, 2, 109.224074, 5
934, 3, 2, 109.224074, 4
936, 3, 2, 106.464003, 2
937, 3, 1, 107.736111, 7
937, 3, 2, 107.741919, 7
937, 3, 2, 107.741919, 4
938, 3, 2, 109.692660, 9
939, 3, 1, 109.378010, 6
939, 3, 2, 105.931110, 1
939, 3, 2, 105.931110, 2
941, 3, 1, 106.749246, 3
941, 3, 2, 109.149272, 15
941, 3, 2, 109.149272, 5
942, 3, 2, 107.720372, 6
943, 3, 1, 109.701447, 8
943, 3, 2, 108.323987, 1
943, 3, 2, 108.323987, 7
946, 3, 1, 106.082940, 13
946, 3, 1, 106.082940, 7
947, 3, 1, 107.665242, 2
947, 3, 2, 106.591549, 11
947, 3, 2, 106.591549, 9
949, 3, 1, 105.689150, 5
949, 3, 2, 107.976914, 6
951, 3, 1, 106.832261, 7
951, 3, 2, 108.295915, 8
952, 3, 1, 107.883509, 1
952, 3, 2, 109.059338, 4
952, 3, 2, 109.059338, 8
954, 3, 1, 108.975934, 12
954, 3, 1, 108.975934, 7
956, 3, 1, 109.821391, 6
956, 3, 2, 105.364951, 7
956, 3, 2, 105.364951, 8
959, 3, 2, 109.508554, 12
959, 3, 2, 109.508554, 5
960, 3, 2, 104.914682, 2
961, 3, 1, 106.733880, 4
961, 3, 2, 105.827585, 9
961, 3, 2, 105.827585, 2
962, 3, 2, 108.296938, 16
963, 3, 1, 108.364549, 2
963, 3, 1, 108.364549, 12
966, 3, 1, 109.942062, 4
966, 3, 2, 105.555834, 4
966, 3, 2, 105.555834, 1
968, 3, 1, 109.657526, 10
968, 3, 2, 104.525763, 8
969, 3, 1, 107.659774, 1
969, 3, 1, 107.659774, 15
970, 3, 2, 106.163999, 5
972, 3, 1, 108.502151, 13
972, 3, 2, 106.750916, 7
973, 3, 2, 108.978096, 18
974, 3, 1, 109.914174, 2
974, 3, 1, 109.914174, 4
975, 3, 2, 108.917736, 14
976, 3, 1, 106.580112, 2
976, 3, 1, 106.580112, 15
977, 3, 2, 108.839650, 5
977, 3, 2, 108.839650, 4
979, 3, 2, 104.856913, 16
980, 3, 2, 107.606592, 20
983, 3, 1, 105.067334, 3
983, 3, 2, 107.933735, 3
984, 3, 1, 108.587305, 14
984, 3, 1, 108.587305, 4
985, 3, 1, 108.356435, 16
985, 3, 1, 108.356435, 3
986, 3, 1, 105.048683, 10
986, 3, 2, 105.766931, 3
987, 3, 1, 107.786058, 4
987, 3, 1, 107.786058, 13
988, 3, 2, 107.462227, 7
988, 3, 2, 107.462227, 4
989, 3, 2, 109.494111, 1
990, 3, 1, 104.866221, 15
990, 3, 1, 104.866221, 5
991, 3, 2, 106.880569, 7
992, 3, 1, 108.483099, 8
992, 3, 1, 108.483099, 2
993, 3, 2, 105.438194, 1
994, 3, 1, 109.425739, 4
994, 3, 2, 109.266550, 13
994, 3, 2, 109.266550, 1
996, 3, 1, 109.336693, 9
996, 3, 2, 105.582582, 10
996, 3, 2, 105.582582, 6
997, 3, 2, 107.196471, 14
997, 3, 2, 107.196471, 5
