time, BuyerID, SellerID, Price, Quantity
0, 4, 1, 106.140595, 3
1, 4, 2, 100.483975, 6
2, 4, 1, 104.422795, 3
2, 4, 2, 107.949694, 9
3, 4, 1, 108.908033, 10
3, 4, 2, 105.764444, 7
4, 4, 1, 108.701742, 1
4, 4, 1, 108.701742, 10
4, 4, 2, 104.391054, 1
7, 4, 1, 104.503820, 10
7, 4, 1, 104.503820, 5
8, 4, 2, 104.862677, 15
10, 4, 1, 107.844473, 2
10, 4, 2, 107.380871, 16
11, 4, 1, 109.026327, 2
11, 4, 1, 109.026327, 10
12, 4, 2, 107.657217, 10
12, 4, 2, 107.657217, 6
14, 4, 1, 108.071528, 14
14, 4, 1, 108.071528, 4
15, 4, 2, 106.950126, 3
16, 4, 1, 105.700893, 4
16, 4, 2, 107.610464, 5
17, 4, 1, 106.739223, 4
17, 4, 1, 106.739223, 8
18, 4, 1, 106.464293, 12
18, 4, 1, 106.464293, 2
19, 4, 2, 105.741819, 9
20, 4, 1, 107.593713, 2
20, 4, 2, 109.655586, 7
20, 4, 2, 109.655586, 13
21, 4, 2, 105.631752, 7
21, 4, 2, 105.631752, 12
23, 4, 1, 108.157871, 8
23, 4, 1, 108.157871, 12
25, 4, 1, 109.126824, 8
25, 4, 1, 109.126824, 5
26, 4, 1, 106.671885, 12
26, 4, 2, 107.956775, 3
26, 4, 2, 107.956775, 1
28, 4, 1, 104.821841, 7
28, 4, 2, 106.886983, 12
28, 4, 2, 106.886983, 3
30, 4, 1, 108.615049, 7
30, 4, 2, 108.359394, 10
30, 4, 2, 108.359394, 8
32, 4, 1, 108.505176, 12
32, 4, 1, 108.505176, 8
33, 4, 1, 106.181938, 12
33, 4, 1, 106.181938, 1
34, 4, 2, 108.550655, 8
35, 4, 1, 104.813357, 11
35, 4, 1, 104.813357, 3
37, 4, 2, 105.790286, 3
38, 4, 1, 108.690151, 12
38, 4, 2, 105.418033, 2
38, 4, 2, 105.418033, 17
39, 4, 2, 107.524006, 3
39, 4, 2, 107.524006, 11
41, 4, 2, 108.229304, 9
41, 4, 2, 108.229304, 10
42, 4, 2, 108.606504, 10
42, 4, 2, 108.606504, 10
44, 4, 1, 104.976819, 5
44, 4, 2, 107.295206, 5
44, 4, 2, 107.295206, 14
46, 4, 1, 109.682209, 3
46, 4, 2, 107.297712, 3
46, 4, 2, 107.297712, 5
47, 4, 2, 104.784280, 5
48, 4, 1, 107.048992, 10
48, 4, 1, 107.048992, 2
50, 4, 1, 107.352268, 13
50, 4, 2, 105.420897, 5
50, 4, 2, 105.420897, 15
53, 4, 1, 108.519740, 5
53, 4, 1, 108.519740, 12
55, 4, 1, 108.353022, 4
55, 4, 2, 107.532729, 3
56, 4, 1, 108.588784, 1
56, 4, 1, 108.588784, 18
57, 4, 1, 106.988042, 2
57, 4, 1, 106.988042, 6
58, 4, 1, 108.283279, 2
58, 4, 2, 109.124855, 5
59, 4, 1, 105.731900, 7
59, 4, 1, 105.731900, 11
60, 4, 1, 106.165721, 9
60, 4, 1, 106.165721, 9
62, 4, 2, 104.889274, 5
63, 4, 1, 104.855530, 1
63, 4, 2, 105.311151, 5
63, 4, 2, 105.311151, 14
65, 4, 1, 106.785473, 6
65, 4, 1, 106.785473, 10
66, 4, 2, 109.212745, 10
66, 4, 2, 109.212745, 4
68, 4, 1, 104.926903, 10
68, 4, 2, 109.339069, 6
68, 4, 2, 109.339069, 8
70, 4, 1, 105.835227, 5
70, 4, 2, 107.397268, 6
71, 4, 1, 105.564175, 1
71, 4, 1, 105.564175, 19
73, 4, 2, 104.959664, 1
73, 4, 2, 104.959664, 6
75, 4, 2, 106.245900, 14
75, 4, 2, 106.245900, 4
77, 4, 2, 106.392958, 9
78, 4, 1, 108.281168, 7
79, 4, 1, 109.108454, 18
79, 4, 2, 107.085652, 2
79, 4, 2, 107.085652, 13
81, 4, 2, 105.853732, 7
81, 4, 2, 105.853732, 13
82, 4, 2, 107.605936, 7
82, 4, 2, 107.605936, 6
84, 4, 1, 106.648211, 14
84, 4, 1, 106.648211, 5
86, 4, 1, 107.133327, 5
86, 4, 2, 107.636105, 10
86, 4, 2, 107.636105, 2
87, 4, 2, 109.918058, 18
89, 4, 1, 105.239386, 7
89, 4, 2, 106.250525, 7
90, 4, 1, 106.165151, 6
90, 4, 1, 106.165151, 3
91, 4, 2, 106.530392, 17
91, 4, 2, 106.530392, 3
92, 4, 2, 108.353095, 9
93, 4, 1, 105.897015, 8
93, 4, 1, 105.897015, 3
95, 4, 2, 106.079964, 7
96, 4, 1, 105.754468, 10
96, 4, 1, 105.754468, 3
97, 4, 2, 109.114100, 3
98, 4, 1, 109.231087, 11
98, 4, 2, 106.721586, 3
98, 4, 2, 106.721586, 7
99, 4, 2, 107.695079, 10
100, 4, 1, 106.893292, 3
100, 4, 1, 106.893292, 3
101, 4, 1, 109.756015, 10
101, 4, 2, 109.981626, 7
101, 4, 2, 109.981626, 2
103, 4, 1, 105.312906, 15
103, 4, 2, 108.953518, 3
103, 4, 2, 108.953518, 15
104, 4, 2, 107.575936, 5
104, 4, 2, 107.575936, 8
105, 4, 2, 108.309086, 12
105, 4, 2, 108.309086, 5
107, 4, 1, 108.931988, 15
107, 4, 1, 108.931988, 4
108, 4, 2, 104.509137, 9
109, 4, 1, 106.724159, 1
109, 4, 2, 107.843729, 6
109, 4, 2, 107.843729, 12
110, 4, 2, 109.532943, 8
110, 4, 2, 109.532943, 6
112, 4, 2, 108.667113, 14
112, 4, 2, 108.667113, 5
114, 4, 2, 105.603657, 15
114, 4, 2, 105.603657, 3
115, 4, 2, 104.647977, 7
116, 4, 1, 106.512893, 5
116, 4, 2, 105.818346, 1
117, 4, 1, 104.725905, 4
117, 4, 1, 104.725905, 10
118, 4, 2, 108.248733, 10
118, 4, 2, 108.248733, 1
119, 4, 2, 105.176274, 14
120, 4, 1, 106.195232, 4
120, 4, 2, 106.444569, 1
120, 4, 2, 106.444569, 17
122, 4, 1, 105.392761, 3
122, 4, 1, 105.392761, 13
123, 4, 1, 106.890132, 7
123, 4, 1, 106.890132, 5
124, 4, 1, 109.474325, 13
124, 4, 2, 106.820575, 2
124, 4, 2, 106.820575, 16
126, 4, 1, 108.183718, 4
126, 4, 1, 108.183718, 2
127, 4, 1, 105.807696, 12
127, 4, 2, 106.316198, 6
127, 4, 2, 106.316198, 5
129, 4, 2, 108.791518, 9
130, 4, 1, 104.563020, 3
130, 4, 2, 109.820698, 3
131, 4, 2, 105.212802, 15
132, 4, 1, 105.562819, 5
132, 4, 1, 105.562819, 7
133, 4, 2, 108.911648, 13
133, 4, 2, 108.911648, 1
135, 4, 1, 106.887294, 15
135, 4, 2, 109.183220, 4
135, 4, 2, 109.183220, 9
137, 4, 1, 105.505614, 11
137, 4, 1, 105.505614, 7
138, 4, 1, 104.939052, 3
138, 4, 2, 107.915150, 10
138, 4, 2, 107.915150, 6
140, 4, 1, 106.682855, 9
140, 4, 2, 106.188697, 5
140, 4, 2, 106.188697, 14
142, 4, 2, 105.852497, 6
142, 4, 2, 105.852497, 5
144, 4, 1, 104.496901, 10
144, 4, 2, 106.388969, 1
145, 4, 1, 109.282606, 4
145, 4, 1, 109.282606, 6
146, 4, 1, 104.920772, 2
146, 4, 2, 107.008177, 12
146, 4, 2, 107.008177, 5
148, 4, 1, 106.749492, 12
148, 4, 2, 108.326244, 3
148, 4, 2, 108.326244, 17
149, 4, 2, 107.209533, 3
149, 4, 2, 107.209533, 9
151, 4, 1, 108.764143, 11
151, 4, 1, 108.764143, 2
153, 4, 1, 109.798861, 15
153, 4, 2, 107.284370, 3
155, 4, 1, 108.963187, 18
155, 4, 2, 106.753998, 2
155, 4, 2, 106.753998, 15
157, 4, 1, 107.817341, 5
157, 4, 1, 107.817341, 5
159, 4, 1, 105.996818, 15
159, 4, 1, 105.996818, 4
160, 4, 1, 105.256476, 13
160, 4, 2, 105.020551, 2
161, 4, 1, 105.896100, 1
161, 4, 1, 105.896100, 18
163, 4, 1, 105.254219, 2
163, 4, 1, 105.254219, 3
164, 4, 1, 107.546434, 17
164, 4, 1, 107.546434, 2
165, 4, 1, 108.894331, 15
165, 4, 2, 107.217538, 3
165, 4, 2, 107.217538, 2
167, 4, 2, 109.554078, 18
167, 4, 2, 109.554078, 2
169, 4, 1, 105.330051, 10
169, 4, 2, 108.729424, 8
169, 4, 2, 108.729424, 10
172, 4, 1, 108.399957, 10
172, 4, 1, 108.399957, 7
173, 4, 2, 106.027576, 8
174, 4, 1, 106.805163, 5
174, 4, 1, 106.805163, 12
175, 4, 2, 105.695096, 4
176, 4, 1, 108.488344, 4
176, 4, 1, 108.488344, 11
178, 4, 1, 105.821689, 3
178, 4, 2, 108.219085, 2
179, 4, 1, 106.068125, 4
179, 4, 1, 106.068125, 11
180, 4, 1, 108.479915, 4
180, 4, 2, 107.169963, 5
180, 4, 2, 107.169963, 9
181, 4, 2, 106.230836, 11
181, 4, 2, 106.230836, 1
183, 4, 1, 105.362317, 1
183, 4, 2, 104.938368, 6
184, 4, 1, 107.253577, 12
184, 4, 1, 107.253577, 3
185, 4, 1, 109.814002, 15
185, 4, 2, 105.202237, 2
185, 4, 2, 105.202237, 11
187, 4, 1, 109.221164, 5
187, 4, 2, 109.197775, 4
187, 4, 2, 109.197775, 15
189, 4, 1, 106.858620, 5
189, 4, 1, 106.858620, 14
190, 4, 1, 107.010990, 3
190, 4, 2, 106.700509, 3
190, 4, 2, 106.700509, 11
191, 4, 2, 104.954719, 9
191, 4, 2, 104.954719, 6
193, 4, 1, 106.644828, 7
193, 4, 2, 108.336936, 5
194, 4, 1, 108.265306, 2
194, 4, 1, 108.265306, 4
195, 4, 1, 109.206161, 16
195, 4, 1, 109.206161, 4
196, 4, 1, 105.803789, 15
196, 4, 2, 107.053978, 1
196, 4, 2, 107.053978, 7
198, 4, 2, 109.563812, 9
199, 4, 1, 108.686161, 4
199, 4, 1, 108.686161, 11
200, 4, 2, 105.275032, 9
200, 4, 2, 105.275032, 6
202, 4, 1, 104.626505, 3
202, 4, 2, 107.980915, 11
202, 4, 2, 107.980915, 6
204, 4, 1, 105.030191, 14
204, 4, 1, 105.030191, 6
205, 4, 1, 108.340795, 13
205, 4, 2, 108.973518, 1
205, 4, 2, 108.973518, 9
206, 4, 2, 106.145293, 6
207, 4, 1, 105.986632, 5
207, 4, 1, 105.986632, 7
209, 4, 1, 104.648686, 5
209, 4, 2, 104.957277, 8
209, 4, 2, 104.957277, 12
210, 4, 2, 107.485436, 8
210, 4, 2, 107.485436, 10
211, 4, 2, 104.941433, 10
211, 4, 2, 104.941433, 10
213, 4, 2, 104.671805, 9
214, 4, 1, 106.768356, 1
214, 4, 1, 106.768356, 2
215, 4, 1, 107.303382, 14
215, 4, 2, 109.912291, 4
216, 4, 2, 108.437520, 1
217, 4, 1, 107.035647, 13
217, 4, 2, 108.252069, 6
217, 4, 2, 108.252069, 2
219, 4, 1, 107.437910, 7
219, 4, 2, 106.937056, 11
219, 4, 2, 106.937056, 1
221, 4, 1, 104.555642, 3
221, 4, 2, 104.643152, 11
222, 4, 1, 106.840252, 5
222, 4, 1, 106.840252, 1
223, 4, 1, 105.229944, 8
223, 4, 2, 108.585949, 11
223, 4, 2, 108.585949, 1
224, 4, 2, 106.030824, 14
225, 4, 1, 109.909906, 5
225, 4, 1, 109.909906, 12
226, 4, 2, 107.598219, 2
227, 4, 1, 106.322030, 6
227, 4, 1, 106.322030, 13
229, 4, 1, 105.894364, 7
229, 4, 1, 105.894364, 1
230, 4, 2, 108.353582, 12
231, 4, 1, 107.668473, 7
231, 4, 1, 107.668473, 12
232, 4, 2, 104.657550, 8
232, 4, 2, 104.657550, 11
233, 4, 2, 109.688589, 7
234, 4, 1, 108.733380, 2
234, 4, 1, 108.733380, 1
235, 4, 1, 109.534355, 3
235, 4, 2, 107.144425, 2
236, 4, 1, 104.726387, 5
236, 4, 2, 106.531658, 9
236, 4, 2, 106.531658, 8
238, 4, 2, 109.916412, 1
239, 4, 1, 108.390470, 3
239, 4, 2, 106.683587, 8
239, 4, 2, 106.683587, 1
240, 4, 2, 108.322695, 2
241, 4, 1, 109.932538, 17
242, 4, 2, 106.805712, 3
243, 4, 1, 107.844415, 17
243, 4, 1, 107.844415, 1
244, 4, 1, 109.565443, 12
244, 4, 2, 106.713546, 7
244, 4, 2, 106.713546, 9
245, 4, 2, 105.618167, 10
246, 4, 1, 109.884656, 1
246, 4, 1, 109.884656, 18
247, 4, 1, 108.452828, 2
247, 4, 1, 108.452828, 10
248, 4, 2, 107.933109, 10
248, 4, 2, 107.933109, 10
249, 4, 2, 105.766928, 10
249, 4, 2, 105.766928, 10
250, 4, 2, 105.434567, 1
251, 4, 1, 105.461848, 9
251, 4, 1, 105.461848, 1
252, 4, 2, 109.610749, 4
253, 4, 1, 108.350013, 8
253, 4, 2, 105.870406, 4
254, 4, 1, 106.036832, 3
254, 4, 1, 106.036832, 9
255, 4, 2, 106.424071, 11
255, 4, 2, 106.424071, 1
257, 4, 2, 107.985448, 14
258, 4, 1, 104.915217, 5
258, 4, 1, 104.915217, 12
260, 4, 1, 107.039992, 8
260, 4, 1, 107.039992, 9
262, 4, 1, 104.838641, 7
262, 4, 2, 104.880419, 4
262, 4, 2, 104.880419, 16
264, 4, 2, 109.130344, 4
264, 4, 2, 109.130344, 15
266, 4, 1, 105.151759, 5
266, 4, 1, 105.151759, 10
268, 4, 2, 106.168529, 8
269, 4, 1, 105.765766, 2
269, 4, 1, 105.765766, 5
270, 4, 2, 106.842991, 1
271, 4, 1, 104.532645, 14
271, 4, 1, 104.532645, 2
272, 4, 1, 105.864133, 13
272, 4, 2, 104.927343, 5
272, 4, 2, 104.927343, 13
273, 4, 2, 107.745280, 7
273, 4, 2, 107.745280, 4
275, 4, 1, 105.000130, 5
275, 4, 2, 107.361445, 11
275, 4, 2, 107.361445, 6
277, 4, 2, 106.423198, 12
278, 4, 1, 106.314715, 2
278, 4, 1, 106.314715, 10
279, 4, 2, 108.816820, 10
279, 4, 2, 108.816820, 9
280, 4, 2, 108.713196, 11
280, 4, 2, 108.713196, 1
281, 4, 2, 106.543325, 18
282, 4, 1, 109.183141, 1
282, 4, 1, 109.183141, 4
284, 4, 1, 107.778526, 16
284, 4, 1, 107.778526, 4
285, 4, 2, 107.252455, 8
286, 4, 1, 104.710956, 8
286, 4, 1, 104.710956, 3
287, 4, 1, 107.549044, 16
287, 4, 2, 108.730123, 1
287, 4, 2, 108.730123, 2
289, 4, 1, 104.563051, 8
289, 4, 2, 109.914215, 10
289, 4, 2, 109.914215, 7
290, 4, 2, 104.717998, 4
291, 4, 1, 105.636234, 9
291, 4, 1, 105.636234, 7
292, 4, 2, 109.512938, 5
293, 4, 1, 105.166693, 8
293, 4, 1, 105.166693, 1
295, 4, 1, 108.837456, 7
295, 4, 2, 109.198369, 12
295, 4, 2, 109.198369, 2
297, 4, 1, 107.738539, 2
297, 4, 2, 105.473136, 6
298, 4, 1, 109.753836, 10
298, 4, 1, 109.753836, 2
300, 4, 1, 106.783541, 5
300, 4, 2, 106.786518, 13
300, 4, 2, 106.786518, 5
302, 4, 1, 107.534959, 7
302, 4, 2, 107.023601, 8
302, 4, 2, 107.023601, 9
304, 4, 2, 107.559487, 3
305, 4, 1, 109.172694, 2
305, 4, 2, 107.100151, 6
305, 4, 2, 107.100151, 10
306, 4, 2, 109.521277, 10
306, 4, 2, 109.521277, 10
308, 4, 2, 107.229926, 9
309, 4, 1, 106.166657, 1
309, 4, 1, 106.166657, 10
310, 4, 2, 107.488970, 10
310, 4, 2, 107.488970, 2
312, 4, 1, 107.719781, 18
312, 4, 1, 107.719781, 1
313, 4, 1, 107.296736, 5
313, 4, 2, 105.851180, 4
314, 4, 1, 109.430779, 10
316, 4, 2, 107.223594, 10
317, 4, 1, 105.631253, 8
317, 4, 2, 109.238688, 2
317, 4, 2, 109.238688, 15
318, 4, 2, 109.424929, 3
319, 4, 1, 109.353068, 2
319, 4, 1, 109.353068, 3
320, 4, 1, 109.407338, 4
320, 4, 2, 107.544813, 11
321, 4, 1, 107.430918, 2
321, 4, 1, 107.430918, 16
322, 4, 2, 108.199497, 1
323, 4, 1, 105.851827, 1
323, 4, 2, 109.922376, 2
323, 4, 2, 109.922376, 6
324, 4, 2, 107.233533, 14
324, 4, 2, 107.233533, 6
326, 4, 1, 104.731627, 4
326, 4, 2, 107.033998, 8
327, 4, 1, 108.225955, 2
327, 4, 1, 108.225955, 2
328, 4, 1, 105.583784, 15
328, 4, 2, 105.350788, 3
328, 4, 2, 105.350788, 6
329, 4, 2, 106.179510, 8
330, 4, 1, 104.753882, 3
330, 4, 2, 105.140437, 3
330, 4, 2, 105.140437, 4
332, 4, 1, 109.322108, 16
332, 4, 1, 109.322108, 3
333, 4, 1, 109.502200, 16
333, 4, 2, 104.912735, 1
336, 4, 2, 104.639298, 8
337, 4, 1, 108.141762, 1
337, 4, 2, 108.973411, 9
338, 4, 1, 105.727759, 2
339, 4, 1, 109.138393, 15
339, 4, 2, 106.016929, 5
339, 4, 2, 106.016929, 6
341, 4, 2, 104.577947, 14
341, 4, 2, 104.577947, 5
342, 4, 2, 104.887485, 6
343, 4, 1, 108.427588, 9
343, 4, 1, 108.427588, 2
344, 4, 1, 104.947607, 10
344, 4, 2, 107.575533, 8
346, 4, 2, 104.705100, 9
347, 4, 1, 107.832402, 11
347, 4, 1, 107.832402, 9
348, 4, 1, 107.513882, 8
348, 4, 2, 108.821300, 3
348, 4, 2, 108.821300, 15
350, 4, 2, 109.766516, 5
350, 4, 2, 109.766516, 3
352, 4, 2, 108.760609, 9
353, 4, 1, 105.506188, 8
353, 4, 1, 105.506188, 2
354, 4, 1, 108.323255, 5
354, 4, 2, 105.557098, 13
354, 4, 2, 105.557098, 2
356, 4, 2, 109.427156, 3
357, 4, 1, 106.335649, 15
357, 4, 1, 106.335649, 2
359, 4, 1, 109.224278, 2
359, 4, 2, 108.270365, 10
360, 4, 1, 105.462740, 6
360, 4, 1, 105.462740, 11
361, 4, 1, 108.684335, 9
361, 4, 1, 108.684335, 11
362, 4, 2, 108.230966, 3
363, 4, 1, 109.143212, 6
363, 4, 1, 109.143212, 7
364, 4, 2, 106.128849, 13
366, 4, 1, 105.168692, 7
366, 4, 2, 105.178567, 13
366, 4, 2, 105.178567, 7
368, 4, 1, 107.848815, 13
368, 4, 1, 107.848815, 6
369, 4, 2, 105.472325, 14
369, 4, 2, 105.472325, 3
371, 4, 1, 108.601496, 4
371, 4, 2, 108.879889, 13
371, 4, 2, 108.879889, 1
373, 4, 1, 108.992152, 9
373, 4, 2, 106.671879, 10
373, 4, 2, 106.671879, 9
376, 4, 1, 109.281637, 10
376, 4, 2, 105.851120, 1
376, 4, 2, 105.851120, 3
377, 4, 2, 107.907310, 4
378, 4, 1, 107.948019, 8
378, 4, 2, 107.065716, 5
378, 4, 2, 107.065716, 4
380, 4, 1, 107.075717, 16
380, 4, 1, 107.075717, 4
383, 4, 1, 107.347714, 11
383, 4, 2, 106.524517, 5
383, 4, 2, 106.524517, 9
385, 4, 2, 107.537283, 11
385, 4, 2, 107.537283, 6
386, 4, 2, 104.510505, 14
386, 4, 2, 104.510505, 2
388, 4, 1, 105.094638, 15
388, 4, 2, 104.650910, 3
388, 4, 2, 104.650910, 17
390, 4, 1, 107.228750, 3
390, 4, 1, 107.228750, 1
391, 4, 2, 108.123105, 13
392, 4, 1, 106.444636, 6
392, 4, 1, 106.444636, 3
393, 4, 2, 108.522150, 16
394, 4, 1, 106.375742, 1
394, 4, 1, 106.375742, 15
395, 4, 2, 108.566359, 1
396, 4, 1, 109.948465, 4
396, 4, 1, 109.948465, 12
397, 4, 2, 106.427711, 8
397, 4, 2, 106.427711, 3
399, 4, 1, 106.629122, 17
399, 4, 1, 106.629122, 1
401, 4, 1, 105.477570, 13
401, 4, 2, 105.656919, 6
401, 4, 2, 105.656919, 6
403, 4, 2, 104.804912, 2
404, 4, 1, 109.691704, 12
404, 4, 1, 109.691704, 6
405, 4, 1, 105.960950, 5
405, 4, 2, 109.345545, 9
405, 4, 2, 109.345545, 9
407, 4, 1, 107.745894, 11
407, 4, 1, 107.745894, 3
408, 4, 2, 107.297848, 17
408, 4, 2, 107.297848, 3
409, 4, 2, 105.902163, 15
410, 4, 1, 105.499864, 1
410, 4, 2, 105.409347, 1
410, 4, 2, 105.409347, 7
412, 4, 1, 108.734394, 11
412, 4, 2, 104.999883, 2
412, 4, 2, 104.999883, 1
413, 4, 2, 108.230056, 19
415, 4, 1, 105.419366, 5
415, 4, 2, 105.560081, 14
416, 4, 1, 108.872259, 1
416, 4, 1, 108.872259, 14
418, 4, 1, 107.903084, 6
418, 4, 1, 107.903084, 4
419, 4, 1, 107.061648, 11
419, 4, 2, 104.639462, 5
419, 4, 2, 104.639462, 5
420, 4, 2, 107.060979, 12
421, 4, 1, 106.375618, 3
421, 4, 1, 106.375618, 13
422, 4, 2, 106.065878, 2
423, 4, 1, 109.005105, 5
423, 4, 1, 109.005105, 13
424, 4, 2, 105.974748, 3
425, 4, 1, 108.385260, 4
425, 4, 1, 108.385260, 14
426, 4, 2, 105.289876, 6
426, 4, 2, 105.289876, 10
427, 4, 2, 106.034626, 2
428, 4, 1, 104.653424, 8
428, 4, 1, 104.653424, 12
429, 4, 1, 106.753660, 4
429, 4, 2, 108.077458, 4
429, 4, 2, 108.077458, 1
430, 4, 2, 109.838437, 3
431, 4, 1, 106.636454, 8
431, 4, 2, 108.435830, 2
432, 4, 1, 105.299076, 6
432, 4, 1, 105.299076, 4
433, 4, 1, 106.751636, 16
433, 4, 1, 106.751636, 4
434, 4, 2, 109.282911, 12
435, 4, 1, 109.981730, 3
435, 4, 2, 106.122967, 1
435, 4, 2, 106.122967, 8
436, 4, 2, 106.269274, 12
436, 4, 2, 106.269274, 2
438, 4, 2, 107.230077, 9
439, 4, 1, 106.527211, 9
439, 4, 1, 106.527211, 2
440, 4, 2, 106.327308, 5
441, 4, 1, 105.110213, 9
441, 4, 2, 107.997243, 4
441, 4, 2, 107.997243, 11
443, 4, 1, 109.310552, 6
443, 4, 2, 106.592895, 3
443, 4, 2, 106.592895, 11
444, 4, 2, 105.761739, 9
444, 4, 2, 105.761739, 3
446, 4, 1, 108.697478, 10
446, 4, 2, 105.368286, 7
446, 4, 2, 105.368286, 6
447, 4, 2, 108.735367, 10
448, 4, 1, 107.971704, 4
448, 4, 1, 107.971704, 12
449, 4, 2, 106.340010, 7
450, 4, 1, 106.814505, 1
450, 4, 1, 106.814505, 8
451, 4, 1, 107.152940, 5
451, 4, 2, 107.833018, 7
453, 4, 1, 107.740107, 11
453, 4, 2, 108.585601, 9
453, 4, 2, 108.585601, 5
454, 4, 2, 105.343508, 2
455, 4, 1, 107.507881, 3
455, 4, 2, 109.649243, 10
455, 4, 2, 109.649243, 7
457, 4, 1, 106.459262, 8
457, 4, 2, 108.774007, 5
457, 4, 2, 108.774007, 13
459, 4, 2, 105.663477, 4
460, 4, 1, 106.935150, 3
460, 4, 1, 106.935150, 3
461, 4, 2, 104.710673, 9
462, 4, 1, 107.732952, 8
462, 4, 1, 107.732952, 6
463, 4, 1, 106.667926, 13
463, 4, 2, 106.781051, 1
463, 4, 2, 106.781051, 15
465, 4, 1, 106.673952, 5
467, 4, 2, 106.092308, 9
468, 4, 1, 108.324241, 11
468, 4, 1, 108.324241, 7
469, 4, 1, 105.779407, 13
470, 4, 1, 105.017471, 15
470, 4, 2, 109.851650, 5
470, 4, 2, 109.851650, 7
472, 4, 1, 105.009849, 13
472, 4, 1, 105.009849, 6
473, 4, 2, 108.193612, 13
474, 4, 1, 108.333243, 1
475, 4, 2, 106.935099, 1
476, 4, 1, 107.048282, 6
476, 4, 2, 104.822965, 13
476, 4, 2, 104.822965, 1
478, 4, 1, 108.445470, 19
478, 4, 1, 108.445470, 1
479, 4, 2, 107.997972, 16
480, 4, 1, 108.475265, 3
480, 4, 1, 108.475265, 12
481, 4, 2, 105.880103, 8
481, 4, 2, 105.880103, 11
483, 4, 1, 107.693929, 3
483, 4, 2, 105.367757, 6
483, 4, 2, 105.367757, 7
484, 4, 2, 107.412964, 13
486, 4, 1, 104.997019, 18
486, 4, 2, 106.852403, 2
486, 4, 2, 106.852403, 8
488, 4, 1, 104.713298, 1
488, 4, 2, 104.698891, 9
489, 4, 1, 107.116133, 2
489, 4, 1, 107.116133, 9
490, 4, 2, 104.514308, 11
490, 4, 2, 104.514308, 3
492, 4, 2, 106.340954, 10
493, 4, 1, 107.596779, 7
493, 4, 1, 107.596779, 6
496, 4, 1, 109.052649, 7
496, 4, 2, 105.161757, 7
496, 4, 2, 105.161757, 8
497, 4, 2, 104.655547, 1
498, 4, 1, 107.651938, 11
498, 4, 1, 107.651938, 7
500, 4, 1, 106.081235, 8
500, 4, 2, 107.276737, 5
500, 4, 2, 107.276737, 9
501, 4, 2, 104.632997, 10
502, 4, 1, 105.366442, 1
502, 4, 1, 105.366442, 4
503, 4, 2, 107.910973, 11
504, 4, 1, 106.905918, 5
505, 4, 1, 106.967052, 2
505, 4, 2, 109.031494, 15
506, 4, 1, 106.761611, 3
506, 4, 1, 106.761611, 7
509, 4, 1, 105.002917, 13
509, 4, 1, 105.002917, 6
511, 4, 2, 107.392429, 6
512, 4, 1, 107.657786, 8
512, 4, 1, 107.657786, 10
513, 4, 2, 109.268718, 10
513, 4, 2, 109.268718, 2
514, 4, 2, 109.803091, 18
514, 4, 2, 109.803091, 2
516, 4, 1, 106.071202, 4
516, 4, 2, 108.702295, 14
516, 4, 2, 108.702295, 4
518, 4, 2, 105.805050, 6
519, 4, 1, 109.367947, 10
519, 4, 1, 109.367947, 3
520, 4, 1, 109.562394, 12
520, 4, 2, 107.457960, 5
520, 4, 2, 107.457960, 6
522, 4, 1, 107.384721, 8
522, 4, 2, 107.235760, 6
522, 4, 2, 107.235760, 9
524, 4, 1, 108.699313, 11
524, 4, 1, 108.699313, 6
525, 4, 2, 105.948890, 1
526, 4, 1, 105.855681, 12
526, 4, 2, 109.730033, 1
526, 4, 2, 109.730033, 7
528, 4, 1, 104.552543, 2
528, 4, 2, 109.066751, 11
528, 4, 2, 109.066751, 3
530, 4, 1, 109.549421, 17
530, 4, 1, 109.549421, 3
531, 4, 2, 109.821795, 17
531, 4, 2, 109.821795, 2
533, 4, 1, 106.335475, 18
533, 4, 1, 106.335475, 1
534, 4, 1, 105.536911, 19
535, 4, 2, 108.396795, 7
536, 4, 1, 108.439292, 8
536, 4, 2, 105.167130, 5
536, 4, 2, 105.167130, 15
539, 4, 1, 105.227952, 5
539, 4, 1, 105.227952, 4
540, 4, 2, 109.731926, 16
540, 4, 2, 109.731926, 4
541, 4, 2, 108.506180, 15
542, 4, 1, 105.124929, 1
542, 4, 1, 105.124929, 9
543, 4, 1, 106.213567, 11
544, 4, 2, 104.589134, 3
545, 4, 1, 107.059328, 7
545, 4, 2, 105.811660, 6
546, 4, 1, 104.516367, 4
547, 4, 2, 109.470121, 4
548, 4, 1, 109.605462, 3
548, 4, 2, 104.768596, 7
549, 4, 1, 104.634963, 1
549, 4, 2, 105.617189, 5
549, 4, 2, 105.617189, 8
550, 4, 2, 107.022333, 12
550, 4, 2, 107.022333, 4
552, 4, 2, 109.270584, 1
553, 4, 1, 105.474949, 15
553, 4, 1, 105.474949, 1
554, 4, 1, 106.993643, 17
554, 4, 2, 106.226822, 2
554, 4, 2, 106.226822, 12
556, 4, 1, 108.946057, 6
556, 4, 2, 105.263251, 2
556, 4, 2, 105.263251, 11
557, 4, 2, 104.831694, 9
559, 4, 1, 106.024554, 5
559, 4, 2, 105.023661, 2
560, 4, 1, 108.901423, 13
560, 4, 1, 108.901423, 5
562, 4, 1, 105.691749, 8
562, 4, 2, 104.989514, 2
563, 4, 1, 109.157627, 5
563, 4, 1, 109.157627, 6
565, 4, 2, 108.128292, 14
567, 4, 1, 108.661489, 5
567, 4, 2, 106.157905, 3
568, 4, 1, 104.504012, 12
568, 4, 1, 104.504012, 1
569, 4, 1, 104.764416, 11
569, 4, 2, 106.028196, 8
569, 4, 2, 106.028196, 2
571, 4, 1, 108.861486, 6
571, 4, 2, 104.654651, 12
572, 4, 2, 109.350821, 18
573, 4, 1, 105.942062, 2
573, 4, 1, 105.942062, 4
576, 4, 1, 107.947409, 8
576, 4, 2, 108.984565, 3
577, 4, 1, 104.595973, 5
577, 4, 1, 104.595973, 12
578, 4, 2, 107.669005, 8
578, 4, 2, 107.669005, 8
579, 4, 2, 105.571422, 12
579, 4, 2, 105.571422, 7
580, 4, 2, 107.681588, 13
580, 4, 2, 107.681588, 5
582, 4, 2, 106.143601, 15
582, 4, 2, 106.143601, 5
583, 4, 2, 105.495206, 15
586, 4, 1, 109.311763, 13
586, 4, 2, 109.923825, 7
586, 4, 2, 109.923825, 2
587, 4, 2, 108.195816, 2
588, 4, 1, 108.699999, 16
588, 4, 1, 108.699999, 1
589, 4, 1, 104.708064, 19
589, 4, 1, 104.708064, 1
590, 4, 2, 104.744521, 17
591, 4, 1, 106.093293, 2
591, 4, 1, 106.093293, 7
592, 4, 2, 106.700361, 9
593, 4, 1, 108.989945, 1
593, 4, 2, 107.871239, 3
593, 4, 2, 107.871239, 12
595, 4, 1, 104.760654, 8
595, 4, 1, 104.760654, 9
596, 4, 2, 104.701897, 3
597, 4, 1, 105.723372, 8
597, 4, 1, 105.723372, 8
598, 4, 2, 105.123743, 12
598, 4, 2, 105.123743, 8
600, 4, 1, 106.728142, 1
600, 4, 2, 108.987827, 11
600, 4, 2, 108.987827, 2
601, 4, 2, 104.869902, 13
602, 4, 1, 108.098603, 5
602, 4, 1, 108.098603, 3
603, 4, 2, 109.586754, 17
603, 4, 2, 109.586754, 1
605, 4, 1, 108.692405, 4
605, 4, 2, 105.690870, 15
607, 4, 1, 107.734489, 4
607, 4, 2, 105.073236, 16
607, 4, 2, 105.073236, 3
608, 4, 2, 108.550113, 17
608, 4, 2, 108.550113, 3
610, 4, 1, 106.924342, 11
610, 4, 2, 104.888810, 6
610, 4, 2, 104.888810, 4
612, 4, 1, 106.720730, 13
612, 4, 2, 108.294387, 3
612, 4, 2, 108.294387, 11
613, 4, 2, 109.019931, 9
613, 4, 2, 109.019931, 10
615, 4, 2, 108.023714, 7
616, 4, 1, 106.180458, 3
616, 4, 1, 106.180458, 14
618, 4, 1, 109.743662, 6
618, 4, 1, 109.743662, 14
619, 4, 2, 105.071360, 6
619, 4, 2, 105.071360, 11
621, 4, 1, 105.413858, 9
621, 4, 1, 105.413858, 8
623, 4, 1, 106.428481, 6
623, 4, 2, 109.077591, 6
623, 4, 2, 109.077591, 9
624, 4, 2, 107.088599, 9
625, 4, 1, 105.096126, 2
625, 4, 1, 105.096126, 11
626, 4, 2, 108.074991, 3
627, 4, 1, 106.338278, 6
627, 4, 1, 106.338278, 7
628, 4, 1, 104.927848, 1
628, 4, 2, 109.831078, 5
629, 4, 1, 106.780696, 7
629, 4, 1, 106.780696, 3
630, 4, 2, 107.699709, 9
631, 4, 1, 109.439597, 8
631, 4, 1, 109.439597, 8
632, 4, 1, 109.336858, 12
632, 4, 1, 109.336858, 7
633, 4, 1, 109.412592, 13
633, 4, 1, 109.412592, 3
634, 4, 2, 107.871636, 11
635, 4, 1, 105.126068, 1
635, 4, 2, 107.799699, 5
635, 4, 2, 107.799699, 12
636, 4, 2, 109.270634, 8
636, 4, 2, 109.270634, 10
639, 4, 1, 104.631762, 1
639, 4, 2, 107.028288, 6
640, 4, 1, 104.715407, 3
640, 4, 1, 104.715407, 4
641, 4, 1, 104.724449, 3
641, 4, 2, 104.809657, 4
642, 4, 1, 108.712443, 6
642, 4, 2, 107.027221, 1
643, 4, 1, 105.992994, 2
643, 4, 1, 105.992994, 3
644, 4, 1, 105.735362, 8
644, 4, 2, 108.969194, 9
644, 4, 2, 108.969194, 10
646, 4, 1, 106.389759, 3
646, 4, 2, 106.885606, 7
646, 4, 2, 106.885606, 12
647, 4, 2, 104.708179, 6
648, 4, 1, 107.545437, 2
648, 4, 1, 107.545437, 7
650, 4, 1, 106.112985, 7
650, 4, 2, 107.372752, 6
650, 4, 2, 107.372752, 9
651, 4, 2, 108.453232, 2
652, 4, 1, 109.582655, 9
653, 4, 2, 108.363852, 3
654, 4, 1, 104.736185, 5
654, 4, 2, 109.993241, 6
655, 4, 1, 108.289977, 6
655, 4, 1, 108.289977, 9
656, 4, 1, 106.248786, 11
656, 4, 1, 106.248786, 9
657, 4, 1, 106.705828, 10
657, 4, 2, 105.571916, 1
657, 4, 2, 105.571916, 12
659, 4, 2, 106.641781, 3
660, 4, 1, 104.901549, 5
660, 4, 1, 104.901549, 12
661, 4, 1, 104.673820, 8
661, 4, 1, 104.673820, 7
662, 4, 2, 104.687817, 4
663, 4, 1, 108.134721, 9
663, 4, 1, 108.134721, 9
664, 4, 2, 106.657128, 11
664, 4, 2, 106.657128, 6
665, 4, 2, 105.098310, 11
666, 4, 1, 105.650975, 3
666, 4, 1, 105.650975, 6
667, 4, 1, 105.780485, 4
667, 4, 2, 108.567383, 10
667, 4, 2, 108.567383, 3
669, 4, 1, 109.622179, 1
669, 4, 2, 105.835520, 8
670, 4, 1, 107.662338, 8
670, 4, 1, 107.662338, 11
671, 4, 1, 108.195047, 9
671, 4, 1, 108.195047, 3
672, 4, 2, 108.936281, 7
673, 4, 1, 106.490283, 7
673, 4, 2, 106.437566, 3
673, 4, 2, 106.437566, 1
675, 4, 1, 106.181974, 14
675, 4, 2, 106.624898, 5
675, 4, 2, 106.624898, 3
676, 4, 2, 108.730045, 3
677, 4, 1, 106.424104, 14
677, 4, 1, 106.424104, 1
678, 4, 2, 109.065937, 18
679, 4, 1, 104.554532, 1
679, 4, 1, 104.554532, 14
680, 4, 1, 104.545497, 1
680, 4, 2, 106.022081, 2
681, 4, 1, 109.160710, 3
681, 4, 1, 109.160710, 16
683, 4, 1, 108.926341, 4
683, 4, 1, 108.926341, 11
684, 4, 2, 106.262798, 9
684, 4, 2, 106.262798, 5
686, 4, 1, 108.185030, 4
686, 4, 2, 106.279056, 5
687, 4, 1, 104.922821, 6
687, 4, 1, 104.922821, 3
688, 4, 1, 106.646409, 9
688, 4, 2, 105.651490, 8
688, 4, 2, 105.651490, 1
690, 4, 2, 109.402346, 17
691, 4, 1, 107.325559, 2
691, 4, 1, 107.325559, 12
692, 4, 1, 108.089461, 8
692, 4, 1, 108.089461, 10
693, 4, 1, 109.025929, 1
693, 4, 2, 105.828931, 9
693, 4, 2, 105.828931, 11
694, 4, 2, 108.696130, 1
695, 4, 1, 108.010932, 6
695, 4, 2, 105.016448, 2
695, 4, 2, 105.016448, 8
697, 4, 1, 109.567128, 10
697, 4, 2, 106.378129, 2
697, 4, 2, 106.378129, 11
699, 4, 2, 106.266029, 8
700, 4, 1, 106.419668, 1
700, 4, 1, 106.419668, 6
701, 4, 1, 105.855257, 13
701, 4, 2, 104.953594, 1
701, 4, 2, 104.953594, 17
703, 4, 2, 108.508400, 3
703, 4, 2, 108.508400, 6
705, 4, 1, 109.673211, 3
705, 4, 2, 106.226194, 11
705, 4, 2, 106.226194, 3
706, 4, 2, 109.474783, 10
707, 4, 1, 104.634081, 6
707, 4, 2, 107.258095, 1
707, 4, 2, 107.258095, 2
709, 4, 2, 107.190282, 9
710, 4, 1, 104.990821, 6
710, 4, 2, 109.291816, 3
711, 4, 2, 109.471258, 20
712, 4, 2, 109.018652, 20
713, 4, 2, 105.068242, 8
714, 4, 1, 106.807614, 10
714, 4, 2, 106.513560, 2
714, 4, 2, 106.513560, 12
715, 4, 2, 106.720908, 8
715, 4, 2, 106.720908, 6
717, 4, 1, 106.108061, 5
717, 4, 2, 106.992634, 2
718, 4, 1, 106.720643, 7
718, 4, 1, 106.720643, 11
719, 4, 1, 108.485415, 9
719, 4, 1, 108.485415, 1
720, 4, 2, 109.283561, 10
721, 4, 1, 104.602088, 4
721, 4, 2, 107.499046, 5
721, 4, 2, 107.499046, 10
723, 4, 1, 106.882823, 1
723, 4, 2, 108.490984, 3
724, 4, 1, 106.974816, 1
724, 4, 2, 104.525310, 5
724, 4, 2, 104.525310, 6
726, 4, 1, 107.057245, 14
726, 4, 1, 107.057245, 1
727, 4, 1, 106.421857, 14
727, 4, 2, 108.565872, 5
727, 4, 2, 108.565872, 8
728, 4, 2, 107.862979, 12
728, 4, 2, 107.862979, 7
730, 4, 2, 106.797807, 7
731, 4, 1, 109.742773, 6
731, 4, 1, 109.742773, 12
732, 4, 1, 109.263430, 5
732, 4, 2, 105.509385, 3
732, 4, 2, 105.509385, 15
733, 4, 2, 106.618610, 5
733, 4, 2, 106.618610, 4
735, 4, 1, 107.668833, 5
735, 4, 2, 107.201536, 2
736, 4, 1, 108.776672, 9
736, 4, 1, 108.776672, 7
737, 4, 2, 105.719372, 13
737, 4, 2, 105.719372, 5
738, 4, 2, 105.642761, 15
738, 4, 2, 105.642761, 3
740, 4, 2, 105.278928, 5
741, 4, 1, 108.217503, 9
741, 4, 2, 104.577925, 3
741, 4, 2, 104.577925, 16
743, 4, 1, 109.870460, 4
743, 4, 1, 109.870460, 13
745, 4, 1, 107.964754, 7
745, 4, 1, 107.964754, 11
747, 4, 1, 107.530305, 8
747, 4, 2, 105.170436, 1
747, 4, 2, 105.170436, 15
749, 4, 1, 106.492686, 5
749, 4, 1, 106.492686, 2
750, 4, 2, 104.828896, 8
751, 4, 1, 105.691079, 2
751, 4, 2, 106.521478, 8
751, 4, 2, 106.521478, 9
752, 4, 2, 107.040559, 9
753, 4, 1, 108.206032, 2
753, 4, 1, 108.206032, 17
754, 4, 2, 107.688473, 3
754, 4, 2, 107.688473, 13
755, 4, 2, 107.450888, 7
755, 4, 2, 107.450888, 9
757, 4, 1, 108.154944, 11
757, 4, 1, 108.154944, 6
759, 4, 1, 108.002553, 14
759, 4, 1, 108.002553, 2
760, 4, 1, 107.914768, 8
760, 4, 2, 107.877474, 10
760, 4, 2, 107.877474, 5
762, 4, 1, 105.582247, 15
762, 4, 1, 105.582247, 5
763, 4, 1, 107.956214, 8
763, 4, 2, 105.849187, 6
764, 4, 1, 106.916600, 1
764, 4, 1, 106.916600, 15
765, 4, 2, 109.015294, 5
765, 4, 2, 109.015294, 13
767, 4, 1, 108.251456, 7
767, 4, 1, 108.251456, 5
768, 4, 1, 107.785133, 7
768, 4, 2, 107.844840, 4
769, 4, 1, 105.592398, 1
769, 4, 2, 109.744627, 3
769, 4, 2, 109.744627, 12
771, 4, 2, 104.537360, 8
771, 4, 2, 104.537360, 12
773, 4, 1, 104.536411, 8
773, 4, 1, 104.536411, 10
774, 4, 2, 107.798544, 10
774, 4, 2, 107.798544, 2
776, 4, 1, 108.468023, 8
776, 4, 2, 104.523199, 6
777, 4, 1, 106.330619, 2
777, 4, 2, 107.406357, 2
777, 4, 2, 107.406357, 8
778, 4, 2, 107.756629, 12
778, 4, 2, 107.756629, 6
781, 4, 1, 108.124433, 14
781, 4, 1, 108.124433, 1
782, 4, 1, 104.653555, 19
782, 4, 1, 104.653555, 1
783, 4, 1, 108.079337, 5
783, 4, 2, 107.424063, 14
783, 4, 2, 107.424063, 4
785, 4, 2, 105.498439, 16
787, 4, 2, 109.217913, 13
788, 4, 1, 109.539541, 1
788, 4, 2, 108.601490, 1
789, 4, 1, 105.408047, 5
789, 4, 1, 105.408047, 1
790, 4, 2, 109.004760, 18
791, 4, 1, 105.020889, 1
791, 4, 1, 105.020889, 12
792, 4, 2, 109.087849, 8
794, 4, 1, 104.585008, 14
794, 4, 2, 108.900730, 6
794, 4, 2, 108.900730, 9
796, 4, 2, 104.841793, 9
797, 4, 1, 108.335859, 2
797, 4, 1, 108.335859, 1
798, 4, 1, 108.860723, 9
798, 4, 2, 105.080921, 4
799, 4, 1, 105.113771, 6
799, 4, 1, 105.113771, 11
800, 4, 1, 106.251216, 9
800, 4, 1, 106.251216, 8
801, 4, 2, 106.660978, 6
802, 4, 1, 109.371296, 6
802, 4, 1, 109.371296, 5
803, 4, 1, 108.727611, 15
803, 4, 1, 108.727611, 2
804, 4, 1, 109.870570, 15
804, 4, 2, 104.649112, 3
804, 4, 2, 104.649112, 1
806, 4, 1, 106.350719, 19
806, 4, 1, 106.350719, 1
808, 4, 1, 106.577244, 19
809, 4, 2, 109.956905, 12
810, 4, 1, 104.953439, 8
810, 4, 1, 104.953439, 7
811, 4, 1, 109.765975, 5
811, 4, 2, 109.061053, 5
812, 4, 1, 109.289426, 1
812, 4, 2, 109.166554, 2
812, 4, 2, 109.166554, 15
814, 4, 1, 107.852632, 5
814, 4, 1, 107.852632, 10
815, 4, 1, 108.320652, 5
815, 4, 2, 107.905590, 5
815, 4, 2, 107.905590, 7
817, 4, 1, 107.984494, 9
817, 4, 2, 107.923201, 4
817, 4, 2, 107.923201, 2
819, 4, 1, 106.787233, 18
820, 4, 1, 107.257682, 9
820, 4, 2, 109.796011, 1
821, 4, 1, 106.245778, 6
821, 4, 2, 106.607039, 4
821, 4, 2, 106.607039, 7
822, 4, 2, 106.281507, 7
823, 4, 1, 109.987467, 1
823, 4, 2, 104.963125, 2
824, 4, 1, 109.152650, 3
824, 4, 1, 109.152650, 13
825, 4, 2, 109.526408, 7
825, 4, 2, 109.526408, 10
827, 4, 2, 104.727806, 2
828, 4, 1, 109.316855, 8
828, 4, 1, 109.316855, 11
829, 4, 2, 104.515020, 9
829, 4, 2, 104.515020, 2
831, 4, 1, 108.682657, 17
831, 4, 2, 109.928738, 1
831, 4, 2, 109.928738, 7
832, 4, 2, 106.720635, 13
832, 4, 2, 106.720635, 4
833, 4, 2, 109.778698, 16
833, 4, 2, 109.778698, 3
835, 4, 2, 107.200387, 6
836, 4, 1, 109.941165, 4
836, 4, 2, 107.809101, 4
837, 4, 1, 106.887213, 2
837, 4, 2, 106.949169, 1
837, 4, 2, 106.949169, 1
839, 4, 2, 107.868314, 9
840, 4, 1, 109.909729, 9
840, 4, 2, 109.448475, 1
840, 4, 2, 109.448475, 8
842, 4, 1, 109.880585, 1
842, 4, 2, 104.582048, 11
842, 4, 2, 104.582048, 1
844, 4, 1, 109.275179, 10
844, 4, 2, 109.865688, 2
845, 4, 1, 105.314413, 7
845, 4, 1, 105.314413, 5
846, 4, 1, 108.392807, 11
846, 4, 2, 108.296266, 4
846, 4, 2, 108.296266, 10
848, 4, 2, 107.153918, 1
849, 4, 1, 104.874364, 6
849, 4, 2, 108.381388, 3
849, 4, 2, 108.381388, 16
851, 4, 1, 108.316142, 4
851, 4, 1, 108.316142, 10
852, 4, 1, 104.891135, 10
852, 4, 1, 104.891135, 1
853, 4, 1, 107.728819, 8
853, 4, 2, 105.075519, 3
854, 4, 1, 104.730615, 6
854, 4, 2, 105.850838, 2
854, 4, 2, 105.850838, 17
856, 4, 1, 106.965816, 3
856, 4, 1, 106.965816, 13
857, 4, 1, 109.139232, 4
857, 4, 2, 109.439587, 3
857, 4, 2, 109.439587, 12
858, 4, 2, 107.307737, 4
859, 4, 1, 108.998388, 4
859, 4, 1, 108.998388, 5
861, 4, 1, 105.978076, 4
861, 4, 2, 105.263610, 8
862, 4, 1, 105.917982, 1
862, 4, 2, 107.522693, 2
862, 4, 2, 107.522693, 9
863, 4, 2, 109.281862, 7
864, 4, 1, 109.544404, 4
864, 4, 1, 109.544404, 14
866, 4, 1, 105.347193, 5
866, 4, 2, 108.998397, 1
866, 4, 2, 108.998397, 17
868, 4, 1, 108.074925, 3
868, 4, 1, 108.074925, 9
869, 4, 1, 107.887641, 8
869, 4, 2, 108.560374, 3
869, 4, 2, 108.560374, 9
870, 4, 2, 106.717137, 11
870, 4, 2, 106.717137, 9
872, 4, 1, 108.095786, 11
872, 4, 1, 108.095786, 2
873, 4, 2, 107.717716, 15
874, 4, 1, 109.059100, 2
874, 4, 2, 107.629905, 1
876, 4, 1, 108.308175, 13
876, 4, 2, 108.914465, 7
876, 4, 2, 108.914465, 10
878, 4, 2, 106.646750, 8
879, 4, 1, 105.430075, 2
879, 4, 1, 105.430075, 18
880, 4, 1, 106.025728, 1
880, 4, 2, 107.988889, 1
880, 4, 2, 107.988889, 4
881, 4, 2, 105.859186, 2
882, 4, 1, 104.756546, 14
882, 4, 1, 104.756546, 6
883, 4, 1, 109.321835, 9
883, 4, 2, 106.983493, 5
883, 4, 2, 106.983493, 15
885, 4, 2, 109.607514, 5
885, 4, 2, 109.607514, 11
887, 4, 1, 105.589592, 1
887, 4, 2, 104.569796, 7
888, 4, 1, 107.399494, 1
888, 4, 1, 107.399494, 6
889, 4, 2, 107.441517, 14
889, 4, 2, 107.441517, 6
890, 4, 2, 107.015410, 8
891, 4, 1, 107.647963, 6
891, 4, 1, 107.647963, 9
892, 4, 1, 107.962380, 11
892, 4, 1, 107.962380, 6
894, 4, 1, 106.029421, 12
894, 4, 2, 105.469876, 2
894, 4, 2, 105.469876, 2
896, 4, 1, 106.698067, 8
896, 4, 2, 106.488050, 7
897, 4, 1, 108.976797, 3
897, 4, 1, 108.976797, 4
898, 4, 2, 109.183001, 12
899, 4, 1, 108.522482, 4
899, 4, 1, 108.522482, 9
901, 4, 1, 105.843843, 11
901, 4, 1, 105.843843, 9
903, 4, 1, 109.500898, 9
903, 4, 2, 108.665146, 2
903, 4, 2, 108.665146, 9
905, 4, 2, 106.485973, 11
905, 4, 2, 106.485973, 5
907, 4, 1, 104.829510, 3
907, 4, 2, 106.186559, 12
907, 4, 2, 106.186559, 5
909, 4, 1, 109.754747, 12
909, 4, 2, 108.202652, 3
909, 4, 2, 108.202652, 12
911, 4, 1, 106.204555, 8
911, 4, 1, 106.204555, 6
912, 4, 1, 105.131619, 14
912, 4, 1, 105.131619, 3
914, 4, 1, 109.744556, 13
914, 4, 2, 105.133232, 4
914, 4, 2, 105.133232, 2
915, 4, 2, 104.879232, 15
916, 4, 1, 109.907638, 3
916, 4, 1, 109.907638, 11
917, 4, 1, 106.842067, 2
917, 4, 2, 107.316675, 7
917, 4, 2, 107.316675, 6
919, 4, 1, 106.868632, 10
919, 4, 2, 107.618651, 4
921, 4, 1, 105.686057, 14
921, 4, 2, 107.222427, 6
921, 4, 2, 107.222427, 1
922, 4, 2, 108.643617, 15
923, 4, 1, 108.430284, 4
923, 4, 1, 108.430284, 1
925, 4, 1, 104.574525, 11
925, 4, 2, 105.502294, 8
925, 4, 2, 105.502294, 3
926, 4, 2, 106.628574, 15
927, 4, 1, 109.049557, 2
927, 4, 1, 109.049557, 8
928, 4, 2, 105.281996, 12
930, 4, 1, 108.286264, 17
930, 4, 2, 109.586264, 3
930, 4, 2, 109.586264, 17
932, 4, 1, 107.897639, 3
933, 4, 1, 108.439666, 4
933, 4, 2, 107.341514, 16
933, 4, 2, 107.341514, 1
935, 4, 1, 107.367456, 9
935, 4, 2, 106.952763, 8
936, 4, 1, 109.449541, 2
936, 4, 1, 109.449541, 7
938, 4, 1, 108.220967, 13
938, 4, 1, 108.220967, 3
940, 4, 1, 109.745412, 9
940, 4, 2, 105.262161, 8
940, 4, 2, 105.262161, 9
942, 4, 1, 105.721903, 11
944, 4, 1, 105.319198, 4
944, 4, 2, 106.658929, 13
945, 4, 1, 106.044777, 2
945, 4, 2, 105.940176, 1
945, 4, 2, 105.940176, 15
946, 4, 2, 106.441997, 5
946, 4, 2, 106.441997, 7
948, 4, 1, 108.398880, 8
948, 4, 2, 107.622203, 5
948, 4, 2, 107.622203, 13
950, 4, 1, 106.239542, 1
950, 4, 2, 105.001299, 6
950, 4, 2, 105.001299, 8
953, 4, 1, 108.676380, 2
953, 4, 2, 108.077341, 10
953, 4, 2, 108.077341, 7
954, 4, 2, 106.653510, 5
955, 4, 1, 106.935303, 3
955, 4, 2, 109.844087, 5
957, 4, 1, 109.241832, 1
957, 4, 2, 104.786345, 7
958, 4, 1, 109.549543, 3
958, 4, 2, 107.602633, 8
959, 4, 1, 108.975218, 1
959, 4, 1, 108.975218, 15
960, 4, 1, 105.030909, 5
960, 4, 1, 105.030909, 13
962, 4, 1, 107.050755, 7
962, 4, 1, 107.050755, 2
963, 4, 2, 107.505106, 10
964, 4, 1, 109.563079, 1
964, 4, 2, 104.965693, 5
965, 4, 1, 107.423148, 1
965, 4, 2, 105.872351, 1
965, 4, 2, 105.872351, 3
967, 4, 1, 108.992543, 14
967, 4, 2, 105.081827, 3
967, 4, 2, 105.081827, 16
969, 4, 2, 106.603078, 1
970, 4, 1, 106.968475, 3
970, 4, 1, 106.968475, 14
971, 4, 1, 105.906139, 4
971, 4, 2, 109.002604, 2
971, 4, 2, 109.002604, 14
973, 4, 1, 106.280330, 6
973, 4, 1, 106.280330, 5
974, 4, 2, 106.732551, 13
975, 4, 1, 106.212067, 2
975, 4, 1, 106.212067, 10
976, 4, 2, 105.721945, 1
977, 4, 1, 109.652787, 9
977, 4, 1, 109.652787, 6
978, 4, 1, 108.435295, 1
978, 4, 2, 105.680960, 3
979, 4, 1, 104.658214, 10
979, 4, 1, 104.658214, 8
980, 4, 1, 106.991018, 12
980, 4, 1, 106.991018, 3
981, 4, 1, 104.741955, 8
981, 4, 2, 107.738499, 2
982, 4, 1, 105.298148, 6
982, 4, 2, 105.130277, 1
982, 4, 2, 105.130277, 7
984, 4, 2, 109.849550, 13
984, 4, 2, 109.849550, 7
985, 4, 2, 106.525537, 13
985, 4, 2, 106.525537, 2
987, 4, 2, 104.937381, 14
988, 4, 1, 107.039039, 4
988, 4, 1, 107.039039, 13
989, 4, 1, 106.561450, 7
989, 4, 1, 106.561450, 4
990, 4, 2, 107.863675, 5
991, 4, 1, 109.822514, 11
991, 4, 1, 109.822514, 5
992, 4, 2, 105.489889, 6
993, 4, 1, 105.065815, 9
993, 4, 1, 105.065815, 10
995, 4, 1, 109.610346, 4
995, 4, 2, 105.568874, 6
995, 4, 2, 105.568874, 3
997, 4, 1, 106.507343, 17
998, 4, 1, 107.288810, 11
998, 4, 2, 107.388018, 2
999, 4, 1, 106.507258, 2
999, 4, 2, 107.758793, 5
999, 4, 2, 107.758793, 10
